3192 5084
548 400 673 465 278
1354 394 1425 469 ιι.
1459 391 1674 448 Valerii
1708 391 1980 448 marsana

1355 564 1525 630 XLI.
1617 563 1965 629 Porcellus.

716 681 915 747 Lacte
959 697 1131 745 mero
1175 684 1429 762 pastum
1474 677 1700 760 pigrae
1742 674 1899 740 mihi
1942 674 2165 741 matris
2210 674 2537 739 alumnum

801 792 1026 871 Ponat,
1075 795 1140 855 et
1180 788 1411 854 Aetolo
1454 784 1537 853 de
1580 804 1698 853 sue
1741 785 1925 852 dives
1969 783 2137 852 edat

1165 908 1367 974 XLII.
1457 907 1753 991 Apyrina
1795 914 1858 970 et
1899 906 2172 971 tubures.

714 1021 860 1089 Non
903 1020 1022 1086 tibi
1066 1017 1151 1085 de
1192 1018 1454 1103 Libycis
1496 1016 1762 1083 tubures
1806 1023 1871 1083 et
1914 1016 2190 1101 apyrina
2227 1016 2444 1097 ramis,

800 1133 901 1199 De
942 1130 1361 1199 Nomentanis
1406 1126 1524 1195 sed
1568 1127 1798 1194 damus
1842 1127 2194 1194 arboribus.

1403 1248 1641 1314 XLIII.
1729 1248 1932 1313 Idem.

714 1364 914 1430 Lecta
955 1360 1343 1428 suburbanis
1385 1360 1721 1426 mittuntur
1764 1359 2040 1443 apyrina
2082 1359 2280 1424 ramis

800 1476 884 1541 Et
926 1491 1164 1540 vernae
1206 1472 1486 1539 tubures.
1563 1467 1735 1547 Quid
1779 1469 1896 1535 tibi
1940 1488 2082 1534 cum
2128 1469 2429 1554 Libycis?

1386 1607 1621 1672 XLIV.
1666 1612 1671 1620 '
1713 1610 1963 1672 Sumen.

713 1724 878 1790 Esse
921 1727 1109 1806 putes
1153 1717 1434 1786 nondum
1477 1736 1729 1783 sumen:
1777 1718 1872 1783 sie
1913 1717 2113 1784 ubere
2154 1718 2337 1802 largo

796 1831 1021 1900 Effluit
1063 1838 1129 1898 et
1170 1831 1320 1896 vivo
1362 1831 1533 1896 lacte
1575 1827 1827 1913 papilla
1867 1834 2087 1894 tumet.

1237 1957 1431 2023 va.
1521 1941 1706 2022 Paua·
1741 1957 2100 2041 qaninacei.
2260 2047 2263 2050 Ι

714 2072 785 2138 Si
829 2071 1115 2155 Libycae
1158 2069 1344 2136 nobis
1387 2067 1683 2135 volucres
1727 2074 1793 2136 et
1833 2067 2151 2135 Phasides
2197 2076 2428 2149 essent,

797 2181 1163 2266 Acciperes,
1210 2187 1280 2246 at
1321 2199 1491 2245 nunc
1534 2180 1757 2264 accipe
1802 2179 2038 2247 chortis
2082 2197 2256 2246 aves.

1364 2308 1593 2373 XLVI.
1683 2308 1964 2373 Persica.

713 2419 910 2520 Vilia·
930 2419 1237 2485 maternis
1281 2418 1609 2485 fueramus
1653 2437 2018 2503 praecoqua
2059 2419 2286 2485 ramis:

800 2530 990 2597 Nunc
1031 2531 1099 2596 in
1142 2528 1468 2614 adoptivis
1511 2530 1776 2597 Persica
1819 2550 1971 2597 cara
2013 2548 2255 2597 sumus.

675 2684 825 2741 XLI.
864 2686 1097 2739 Lemma.
1157 2683 1447 2740 Porcellus
1484 2684 1606 2738 ΒΤ
1638 2684 1777 2737 Scan
1858 2683 1921 2739 P.
1961 2682 2181 2740 lactens
2225 2686 2357 2749 (ans,
2395 2688 2511 2750 eus)
2538 2706 2580 2737 ω
2608 2686 2723 2739 Ser.

676 2770 851 2826 XLII.
890 2770 1094 2826 XLIII.
1130 2770 1361 2827 tubures
1397 2769 1531 2823 codd
1596 2768 1824 2826 tuberes
1863 2770 2019 2823 Scan.

677 2854 860 2911 XLIV
894 2858 943 2908 2.
977 2853 1178 2912 Effluit
1213 2854 1386 2917 1³0?oe
1414 2856 1515 2908 Ser
1581 2852 1794 2910 Effluet
1828 2854 2122 2909 EXABF
2182 2853 2259 2910 Et
2292 2853 2418 2911 fluit
2461 2855 2514 2909 Τ
2534 2856 2690 2909 Scan.

671 2941 828 2997 XLV
861 2944 909 2994 2.
947 2946 1008 2997 at
1032 2944 1125 3004 Qun
1152 2943 1253 2995 Ser
1285 2940 1641 3010 Gilbortp.25
1706 2945 1765 2996 et
1782 2939 1899 2993 EF
1958 2946 2021 2996 tu
2054 2940 2329 3004 (domator
2348 2941 2562 3005 Bastar)
2582 2941 2796 2997 TSekn.

675 3026 870 3082 XLVI.
908 3027 1138 3081 Lemma.
1209 3026 1440 3083 Persica
1474 3026 1533 3078 bz
1559 3025 1734 3079 Schn²
1848 3025 2078 3081 Persica
2110 3040 2435 3097 praecoqua
2457 3025 2800 3082 EXABC'F

553 3112 725 3168 Vind³
814 3111 876 3167 P.
901 3111 1196 3181 praeeotia
1232 3114 1280 3174 Q
1372 3111 1433 3166 P.
1469 3118 1778 3182 praecocta
1821 3113 1872 3166 T
1953 3112 2016 3168 P.
2057 3115 2224 3167 cocta
2259 3112 2316 3166 R
2394 3111 2454 3166 P.
2492 3112 2794 3181 praecocia

539 3198 708 3251 Schn¹
789 3197 850 3252 P.
885 3197 1245 3266 uucipersica
1268 3219 1311 3251 ω
1338 3198 1451 3251 Ser.

675 3333 818 3388 XLI.
876 3332 1007 3404 Vgl.
1047 3333 1186 3389 VIII
1220 3335 1303 3386 22.

674 3417 848 3473 XLII.
885 3416 1088 3474 XLIII.
1137 3418 1408 3489 Apyrma.
1477 3419 1620 3475 Plin.
1656 3421 1723 3476 N.
1760 3420 1812 3476 h.
1849 3419 1992 3475 XIII
2031 3422 2128 3473 112
2166 3418 2378 3486 (Africa
2410 3448 2480 3477 -.-
2521 3419 2793 3476 Punicum

537 3502 760 3569 malum)
800 3503 995 3560 divisit
1029 3510 1089 3560 et
1121 3503 1182 3558 in
1215 3519 1440 3574 genera,
1477 3519 1786 3576 apyrenum
1821 3505 2100 3572 vocando,
2138 3505 2231 3561 eui
2264 3505 2522 3575 lignosus
2558 3506 2793 3561 nucleus

539 3588 780 3645 abesset.
850 3589 1078 3643 tubures.
1127 3588 1272 3645 Plin.
1320 3589 1387 3646 N.
1425 3590 1478 3646 h.
1514 3590 1625 3647 XV
1659 3592 1722 3643 47
1762 3593 1941 3657 (mala)
1980 3590 2277 3660 peregrina
2311 3597 2445 3647 sunt
2479 3589 2702 3659 zizipha
2737 3597 2795 3646 et

538 3673 771 3738 tubures
805 3704 873 3714 —
909 3675 1051 3732 haee
1087 3689 1157 3731 ex
1189 3674 1406 3742 Africa,
1441 3676 1543 3732 illa
1565 3691 1637 3732 ex
1672 3674 1833 3746 Syria
1865 3706 1933 3717 —
1966 3675 2230 3732 tuburum
2255 3677 2371 3733 duo
2393 3690 2621 3746 genera:
2661 3689 2797 3731 eau-

541 3759 735 3816 didum
771 3765 831 3816 et
864 3777 901 3816 a
936 3762 1128 3819 colore
1165 3760 1386 3831 Syrium
1423 3765 1484 3828 (9)
1521 3761 1736 3818 dictum
1772 3767 1883 3817 etc.
1955 3760 2038 3816 Id.
2073 3761 2210 3816 XVI
2250 3764 2346 3814 103
2381 3761 2549 3817 XVII
2587 3764 2667 3815 75.

674 3845 857 3902 XLIV
894 3849 940 3902 2.
992 3846 1227 3919 Effluit.
1301 3845 1430 3917 Vgl.
1467 3847 1622 3904 Jahn
1656 3846 1732 3901 ad
1766 3846 1919 3903 Pers.
1962 3848 2008 3912 3,
2047 3848 2129 3902 20.
2217 3847 2416 3903 Munro
2465 3863 2536 3902 zu
2570 3847 2793 3903 Lucret-

538 3931 620 3987 VI
657 3934 773 3985 971.

679 4016 833 4072 XLV
871 4019 916 4072 1.
964 4015 1313 4073 Perlhflhner
1346 4016 1465 4072 und
1499 4016 1759 4073 Pasanen
1794 4015 1879 4073 als
1914 4016 2575 4088 Luxusuahruugsmittel
2621 4016 2800 4087 regel-

536 4103 747 4173 miissig
782 4117 1100 4159 zusammen
1133 4107 1402 4173 gemunt.
1477 4101 1558 4157 Zu
1593 4101 1678 4157 III
1717 4104 1797 4166 77,
1833 4106 1884 4156 4

672 4190 719 4243 2.
769 4189 965 4243 chor-tis
997 4205 1119 4242 aves
1153 4209 1216 4234 =
1253 4186 1362 4242 VH
1399 4188 1565 4253 31,1.

680 4273 879 4331 XLVI.
929 4272 1203 4330 Pfirsiohe
1238 4270 1342 4328 auf
1372 4271 1553 4328 einem
1601 4273 1779 4329 durch
1827 4214 2200 4344 Pfropfreiser
2244 4272 2571 4330 veredelteu
2615 4271 2797 4340 Apri-

539 4359 892 4416 kosenbaum
928 4373 1201 4429 gezogen.
1275 4356 1440 4414 Hehu
1475 4361 1747 4414 344-348
1783 4359 1838 4415 ff.
1926 4371 1940 4390 ·
