3192 5084
620 404 1086 477 Epigrammaton
1119 405 1290 462 Liber.
1322 404 1434 460 XII
1473 409 1517 471 (⁶2
1539 405 1677 461 XII¹
1712 406 1859 464 editt
1890 406 2202 467 December
2241 412 2377 478 101).
2495 416 2618 480 253

1381 662 1679 775 ΗΠΒ

526 825 790 909 Antiqui
836 845 950 892 rex
994 845 1228 911 magne
1271 826 1406 910 poli
1448 825 1802 910 mundique
1843 831 2093 914 prioris,

612 937 745 1005 Sub
761 1001 775 1018 ,
791 958 917 1022 quo
961 938 1150 1023 pigra
1191 938 1376 1022 quies
1419 956 1540 1004 nec
1582 937 1768 1005 labor
1808 940 1982 1006 ullus
2028 949 2184 1025 erat,

525 1050 587 1116 Ν
590 1069 663 1116 ec
705 1050 928 1189 regssle
970 1049 1163 1115 nimis
1206 1048 1451 1156 fulmen
1494 1069 1617 1117 nec
1658 1050 1927 1119 fulmine
1970 1051 2171 1138 digni,

613 1160 833 1227 Scissa
873 1180 994 1228 nec
1037 1160 1125 1226 ad
1167 1161 1411 1242 Manes,
1458 1160 1577 1237 sed
1619 1161 1747 1244 sibi
1790 1162 1973 1254 diues
2017 1127 2325 1264 humusz]

1936 1235 2017 1248 ·····

446 1281 478 1337 5
523 1272 763 1339 Laetus
809 1271 897 1337 ad
938 1271 1105 1339 haec
1147 1271 1488 1356 facilisque
1528 1274 1677 1340 veni
1725 1276 2062 1342 sollemnia
2103 1278 2309 1345 Prisci

613 1383 899 1453 Gaudia:
947 1350 1097 1449 cuifi
1136 1383 1340 1449 sacris
1384 1389 1450 1450 te
1494 1383 1682 1451 decet
1725 1350 1870 1452 effse
1911 1388 2057 1453 tuis.

612 1605 878 1673 Pacifici
920 1606 1115 1672 Latia
1156 1604 1375 1672 reddis
1422 1607 1506 1673 ab
1549 1607 1713 1674 urbe
1756 1609 2027 1676 Numae.

529 1719 773 1799 Cernis,
819 1724 892 1784 ut
933 1717 1218 1784 Ausonio
1262 1717 1492 1784 similis
1533 1718 1655 1786 tibi
1697 1740 1848 1805 pom
1895 1740 1938 1787 a
1977 1723 2248 1790 macello

411 1841 479 1897 10
611 1828 907 1896 Pendeat
950 1835 1016 1896 et
1037 1835 1339 1911 quantus
1381 1831 1743 1898 luxurietur
1783 1832 1829 1897 h
1914 1836 2028 1899 os?

529 1942 738 2022 Quam
782 1960 909 2007 non
953 1960 1152 2025 parca
1192 1945 1466 2008 manus?
1505 1945 1862 2028 largaeque
1902 1945 2290 2038 nomismata
2316 1951 2623 2014 mensae?

614 2051 815 2134 Quae,
863 2052 1162 2134 Saturne,
1206 2053 1324 2120 tibi
1368 2062 1902 2140 pernumerentur
1944 2061 2142 2142 opes‘?

525 2166 742 2249 thue
786 2165 870 2231 sit
912 2163 1016 2231 his
1060 2165 1336 2250 pretium
1378 2166 1628 2233 meritis
1673 2174 1738 2235 et
1777 2169 1994 2253 gratia
2035 2169 2255 2250 maior,

612 2278 696 2345 Et
738 2284 923 2362 pater
966 2283 1031 2344 et
1073 2276 1244 2361 frugi
1289 2277 1385 2344 sic
1427 2285 1541 2344 tua
1585 2296 1773 2345 sacra
1816 2280 1986 2346 colit.

410 2397 479 2453 15
526 2388 613 2454 At
654 2395 725 2454 tu
770 2394 990 2455 sancte
1034 2390 1164 2471 (tuo
1209 2388 1304 2455 sic
1347 2408 1603 2475 semper
1638 2410 1864 2458 amere
1907 2391 2293 2476 Decembri),

614 2499 750 2565 Hos
789 2500 887 2565 illi
931 2499 1159 2566 iubeas
1203 2518 1401 2587 saepe
1442 2500 1656 2567 redire
1700 2501 1859 2570 dies.
2120 2524 2305 2653 5⁸9!

493 2746 656 2803 LXII
692 2750 741 2800 4.
796 2747 897 2802 sed
935 2746 1043 2803 sibi
1093 2745 1267 2802 Vind³
1303 2748 1429 2801 Hm
1456 2747 1634 2801 &7:²22
1711 2749 1814 2807 sed
1850 2749 1930 2804 sis
1966 2749 2261 2804 EXABF
2346 2765 2453 2807 nec
2487 2750 2624 2807 mihi

363 2837 463 2898 ΡΩ
535 2833 636 2890 sed
672 2833 786 2889 sita
808 2832 948 2894 Ala.
988 2840 1117 2887 1601
1158 2837 1256 2886 ete.
1298 2833 1398 2886 Ser
1423 2833 1595 2887 Solam
1722 2836 1802 2887 11.
1838 2840 2076 2891 manus?
2119 2842 2383 2892 mensae?
2419 2837 2624 2896 Mauro

359 2936 559 2976 manus
596 2919 725 2973 ohne
739 2918 969 2989 Ἰηιοηκ
1005 2932 1249 2984 mensae,
1293 2919 1446 2973 Salen.

494 3125 652 3181 Lm
689 3128 739 3179 7.
800 3123 996 3182 Horat.
1038 3122 1092 3180 S.
1128 3123 1187 3179 11
1229 3126 1271 3191 1,
1313 3127 1375 3178 12
1423 3123 1720 3181 claudian.
1768 3124 1830 3180 Β.
1878 3125 2106 3181 Gildon.
2153 3125 2293 3193 (XW
2347 3128 2411 3179 35
2461 3134 2625 3197 pater

365 3214 576 3283 optime
634 3211 804 3282 Verg.
840 3210 912 3267 A.
947 3210 1001 3267 V
1037 3212 1137 3264 358
1173 3217 1337 3279 pater
1373 3210 1641 3280 optimus.

496 3417 672 3474 LXII.
733 3418 814 3474 Zu
849 3418 1032 3475 einem
1077 3433 1192 3475 von
1229 3418 1357 3474 dem
1404 3416 1623 3474 iilteren
1657 3415 1956 3474 Terentius
1990 3416 2221 3473 Priscus
2255 3417 2317 3473 in
2349 3417 2627 3476 Aussicht

361 3504 663 3573 gestellten
697 3501 1370 3572 Saturnalienschmause,
1406 3503 1509 3561 mit
1542 3502 1815 3561 welchem
1851 3503 1944 3560 die
1978 3519 2081 3559 vor
2104 3501 2346 3559 Kurzem
2381 3503 2625 3576 erfolgte

361 3590 668 3646 Ruckkehr
703 3590 805 3646 des
830 3588 1050 3647 Sohnes
1086 3590 1259 3655 (siche
1295 3590 1389 3647 die
1411 3588 1879 3661 Vorbemerlumg
1914 3606 1986 3644 zu
2020 3589 2234 3646 diesem
2262 3590 2440 3657 Buch)
2477 3591 2624 3647 nach

364 3675 615 3745 Spanien
648 3673 888 3744 gefeiert
918 3676 1148 3732 werden
1182 3675 1369 3732 sollte.

501 3780 549 3832 2.
599 3777 768 3847 piym
802 3777 967 3847 quies.
1031 3778 1110 3835 Zu
1144 3778 1258 3835 XII
1293 3783 1376 3845 57,
1418 3781 1497 3833 15.

503 3884 551 3935 3.
614 3881 791 3949 regalo
822 3879 1011 3935 m'mn‘s:
1049 3898 1121 3938 ιιι
1157 3883 1500 3954 tyrannisch.
1563 3884 1644 3939 Zu
1681 3881 1759 3952 Sp
1797 3884 1845 3950 2,
1888 3885 1941 3937 3.

502 3987 555 4037 4.
614 3983 723 4036 aas
753 3981 921 4038 aem:
958 3984 1051 4040 <110
1087 3984 1208 4042 ihre
1241 3985 1672 4043 netansehatze
1704 3985 1853 4042 noch
1888 3983 1980 4042 fur
2015 3985 2139 4042 sich
2173 3984 2402 4042 hemon.
2481 3953 2504 4084 j

502 4091 550 4142 8.
611 4084 779 4140 Latia
810 4116 881 4125 —
915 4086 980 4141 ab
1015 4088 1159 4142 urbe.
1214 4087 1294 4144 Zu
1327 4087 1466 4144 VIII
1502 4091 1549 4156 8,
1576 4092 1624 4144 5.

502 4193 551 4247 9.
610 4189 854 4244 Ausonio
887 4219 957 4230 —
991 4192 1222 4245 macello.
1282 4190 1363 4246 Zu
1397 4191 1509 4246 XII
1546 4195 1594 4259 6,
1635 4195 1683 4250 1.

506 4297 582 4348 11.
633 4291 961 4347 nomismata.
1018 4291 1252 4349 Marken
1286 4299 1373 4362 (zu
1409 4295 1437 4349 1
1465 4298 1548 4361 11,
1576 4298 1645 4361 1),
1680 4295 1897 4353 welche
1923 4311 1996 4352 an
2020 4294 2114 4351 dle
2138 4291 2313 4352 (ἥκω
2337 4291 2421 4349 als
2442 4292 2630 4350 Loose

365 4378 456 4435 fiir
493 4380 584 4436 die
621 4378 1306 4450 Saturnaliengeschenke
1340 4380 1608 4438 vertheilt
1641 4382 1890 4439 wurden.

2738 4289 2765 4511 ί
