3192 5084
948 346 1411 416 Epigrammaton
1446 346 1617 405 Liber
1650 347 1732 402 IX
1771 348 1938 413 (editt
1972 351 2081 416 94).
2574 357 2655 416 55

1471 520 1558 584 X.

558 645 788 726 Cenes,
835 646 1178 727 Canthare,
1228 667 1371 713 eum
1414 647 1571 713 foris
1617 648 1911 727 libenter,

557 757 817 824 Clamas
861 766 929 823 et
971 757 1308 825 maledicis
1355 767 1419 826 et
1462 760 1753 826 minaris.

557 869 865 955 Deponas
909 871 1160 936 animos
1204 878 1438 950 truces,
1483 890 1844 936 monemus:

557 981 752 1047 Liber
793 1001 920 1046 non
964 990 1147 1066 potes
1192 991 1256 1048 et
1298 983 1564 1067 gulosus
1611 1001 1772 1048 esse.

1455 1196 1575 1261 XI.

559 1322 809 1388 Nomen
852 1342 996 1388 oum
1038 1324 1233 1390 violis
1276 1325 1568 1409 rosisque
1613 1332 1854 1403 natum,

565 1431 704 1510 Quo
750 1452 901 1518 pars
946 1437 1189 1519 optima
1231 1438 1597 1503 nominatur
1639 1437 1812 1516 anni,

562 1545 843 1628 Hyblam
889 1545 1061 1630 quod
1103 1548 1276 1632 sapit
1317 1548 1694 1630 Atticosque
1739 1546 1945 1627 flores,

563 1653 748 1733 Quod
790 1656 979 1724 nidos
1023 1660 1154 1725 olet
1196 1660 1371 1726 alitis
1414 1659 1764 1744 superbae3

482 1776 515 1831 5
558 1768 808 1835 Nomen
850 1776 1111 1836 nectare
1157 1769 1406 1837 duloius
1451 1771 1667 1854 beato,

560 1878 698 1957 Quo
741 1881 966 1948 mallet
1010 1882 1292 1967 Cybeles
1336 1902 1497 1967 puer
1540 1883 1757 1948 vocari

555 1992 640 2057 Et
682 1993 794 2076 qui
836 1994 1071 2078 poeula
1114 2001 1431 2078 temperat
1474 1994 1785 2060 Tonanti:

559 2101 745 2180 Quod
786 2105 845 2170 si
885 2104 1238 2171 Parrhasia
1281 2123 1471 2171 sones
1515 2106 1584 2170 in
1630 2105 1803 2185 aula,

556 2215 972 2299 Respondent
1013 2198 1315 2284 Veneres*
1344 2215 1855 2302 Cupidinesque3

440 2333 511 2388 10
555 2326 807 2393 Nomen
850 2327 1084 2409 nobile,
1132 2330 1343 2409 molle,
1398 2327 1745 2395 delicatum

555 2437 762 2503 Versu
806 2437 1020 2505 dicere
1063 2460 1193 2506 non
1235 2440 1382 2524 rudi
1426 2439 1753 2506 volebam:

521 2648 603 2702 XI
649 2652 699 2702 9.
769 2648 979 2706 catull.
1015 2655 1065 2717 3,
1105 2654 1126 2703 1
1177 2651 1396 2722 Lugete
1445 2668 1479 2708 o
1516 2650 1768 2707 Veneres
1814 2649 2251 2719 Cupidinesque.
2322 2650 2406 2705 Id.
2458 2652 2537 2717 13,
2589 2652 2651 2702 12

390 2731 683 2791 Donarunt
714 2735 966 2793 Veneres
1002 2735 1444 2807 Cupidinesque.

521 2819 603 2874 XI
640 2824 722 2874 lo.
782 2820 977 2878 Sidon.
1027 2821 1221 2891 Apoll.
1258 2822 1322 2879 O.
1361 2826 1446 2890 23,
1493 2824 1560 2877 20
1608 2825 1844 2892 (poema)
1893 2822 2168 2887 Doetum,
2213 2820 2431 2886 nobile,
2486 2819 2649 2888 forte,

388 2904 707 2961 delicatum.
786 2898 901 2961 ‘11.
941 2910 1021 2962 12.
1055 2907 1138 2963 Id.
1175 2910 1258 2975 23,
1294 2912 1395 2962 485
1432 2925 1517 2979 sq.
1551 2908 1764 2963 Horum
1797 2906 2028 2961 nomina
2071 2922 2199 2962 eum
2233 2903 2446 2962 referre
2481 2921 2651 2963 versu

392 2989 649 3049 Affectus
684 2993 897 3062 cupiat,
935 3000 1171 3050 metrum
1204 3001 1452 3051 reeusat.

518 3180 575 3235 X
619 3185 672 3235 4.
732 3182 993 3239 Vincent.
1038 3182 1257 3240 Bellov.
1302 3181 1399 3252 Sp.
1448 3183 1501 3238 d.
1548 3181 1602 3238 V
1641 3184 1705 3235 14
1748 3181 2024 3237 Martialis
2076 3195 2325 3250 eoquus,
2377 3179 2547 3237 Liber
2594 3188 2652 3238 et

388 3265 623 3334 gulosus
667 3282 795 3324 esse
828 3283 944 3325 non
990 3275 1174 3337 potes.
1228 3269 1315 3324 Id.
1354 3268 1431 3325 ib.
1472 3267 1525 3324 V
1563 3270 1662 3321 156
1696 3266 1981 3323 Maroialis
2016 3281 2260 3337 coquus,
2307 3264 2493 3333 ,Liber
2534 3283 2650 3323 non

388 3359 554 3421 potes
590 3359 650 3410 et
683 3353 920 3423 gulosus
956 3359 1097 3410 esse‘
1135 3353 1320 3419 ,Liber
1355 3353 1480 3418 eris,
1520 3368 1722 3410 cenare
1758 3359 1866 3410 ete.
1917 3351 2002 3419 (M.
2038 3351 2096 3407 ΙΙ
2131 3353 2214 3417 53,
2257 3354 2304 3407 3.
2341 3353 2412 3417 4).

520 3541 577 3596 Χ
614 3544 659 3595 1.
729 3543 889 3598 Oeneo
921 3542 1185 3614 —soris.
1244 3543 1325 3597 Zu
1360 3542 1416 3597 11
1454 3545 1534 3609 11,
1573 3542 1691 3595 10.'

521 3627 624 3683 XI.
687 3627 797 3683 Die
829 3627 1185 3697 Epigramme
1212 3630 1411 3682 11—13
1447 3627 1866 3684 verherrliehen
1902 3627 2012 3682 den
2035 3625 2501 3683 Hundsehenken
2524 3627 2643 3684 Do·

386 3712 612 3768 mitians
626 3754 639 3777 ‚
696 3712 809 3768 den
852 3713 1167 3768 Eunuehen
1208 3712 1441 3769 Flavius
1484 3712 1727 3768 Earinus
1741 3755 1755 3778 ,
1806 3713 1904 3768 der
1939 3712 2094 3768 seine
2142 3711 2652 3782 abgesehnittenen

387 3797 618 3853 Loeken
652 3798 821 3855 nebst
854 3798 1037 3854 einem
1074 3796 1303 3868 Spiegel
1338 3799 1467 3854 dem
1500 3797 1792 3866 Aeseulap
1841 3813 1911 3852 zu
1945 3797 2255 3868 Pergamus
2302 3798 2508 3854 weihte
2546 3800 2650 3863 (16.

392 3888 474 3938 17.
515 3886 597 3938 36.
634 3882 776 3941 Stat.
814 3882 869 3939 S.
911 3885 1000 3938 ΙΙΙ
1034 3886 1107 3949 4).

520 3973 571 4024 3.
628 3969 759 4040 Vgl.
794 3968 877 4024 IX
912 3972 992 4036 13,
1029 3971 1079 4024 2.

520 4059 573 4110 4.
635 4055 719 4111 Zu
750 4055 837 4110 VI
870 4058 953 4121 55,
990 4056 1039 4110 2.

519 4144 568 4194 5.
636 4140 947 4197 Vielleieht
990 4141 1094 4197 mit
1135 4141 1530 4198 Reminiseenz
1584 4155 1658 4196 an
1704 4139 1910 4197 Catull.
1957 4142 2041 4207 99,
2077 4142 2109 4192 2
2157 4138 2448 4194 Saviolum
2494 4138 2650 4194 dulei

389 4226 612 4284 dulcius
648 4226 952 4285 ambrosia.
1014 4225 1334 4283 Paukstadt
1368 4243 1425 4296 p.
1462 4229 1547 4279 20.

522 4316 569 4368 8.
630 4313 930 4368 Parrhasia
960 4341 1030 4352 —
1065 4312 1123 4366 in
1157 4315 1296 4368 aula.
1357 4312 1438 4367 Zu
1472 4311 1583 4367 VII
1619 4314 1706 4378 56,
1744 4313 1793 4366 2.
