3192 5084
472 335 509 395 7
515 332 555 394 2
1283 328 1357 383 M.
1396 328 1609 385 Valerii
1643 329 1917 387 Martialis

643 502 784 566 Hoc
825 501 989 566 nihil
1034 520 1178 568 esse
1220 505 1450 586 putas?
1492 500 1705 567 scelus
1737 510 1859 583 est,
1893 503 2052 568 mihi
2085 501 2293 581 crede,
2329 502 2446 570 sed
2489 506 2739 588 ingens,

729 611 1051 690 Quantum
1096 614 1210 678 vix
1254 614 1467 679 animo
1513 614 1797 697 concipis
1841 615 1984 699 ipse
2027 623 2154 680 tu0.

558 732 595 787 5
642 726 892 807 Nempe
936 724 1139 790 semel
1183 723 1395 798 futuit,
1442 731 1783 808 generaret
1826 725 2133 791 Horatius
2177 734 2248 792 ut
2290 733 2446 807 tres,

727 836 899 900 Mars
946 838 1163 915 semel,
1212 842 1283 900 ut
1324 836 1618 919 geminos
1661 837 1788 902 Ilia
1832 844 2014 902 casta
2058 835 2270 903 daret:

644 946 880 1012 Omnia
922 945 1317 1030 perdiderat,
1367 947 1423 1011 si
1467 947 1908 1013 masturbatus
1952 954 2221 1031 uterque

727 1056 1103 1125 Mandasset
1145 1058 1444 1124 manibus
1489 1057 1735 1142 gaudia
1778 1058 1971 1125 foeda
2014 1061 2166 1125 suis.

642 1170 859 1254 Ipsam
909 1168 1098 1235 crede
1139 1170 1257 1235 tibi
1304 1176 1602 1235 naturam
1647 1170 1864 1236 dicere
1907 1190 2149 1236 rerum.-

524 1291 594 1345 10
730 1279 940 1346 »Istud
984 1279 1155 1363 quod
1201 1280 1448 1364 digitis,
1496 1281 1780 1363 Pontice,
1828 1281 2066 1366 perdis,
2113 1282 2302 1349 homo
2348 1290 2496 1349 est«

1498 1411 1703 1474 XLII.

644 1521 907 1606 Campis
952 1521 1137 1587 dives
1181 1520 1412 1604 Apollo
1456 1523 1552 1586 sic
1592 1522 1885 1605 Myrinis,

645 1633 755 1699 Sic
798 1652 1054 1716 semper
1097 1632 1360 1698 senibus
1404 1632 1622 1698 fruare
1668 1633 1913 1716 cygnis,

645 1747 893 1810 Doctae
938 1745 1033 1809 sic
1074 1743 1192 1808 tibi
1241 1745 1528 1810 serviant
1571 1762 1841 1824 sorores,

641 1857 780 1922 Nec
823 1854 1098 1939 Delphis
1141 1863 1256 1920 tua
1299 1857 1647 1921 mentiatur
1688 1857 1824 1935 ulli,

562 1978 595 2032 5
646 1968 756 2034 Sic
796 1967 1053 2032 Palatia
1095 1973 1160 2031 te
1206 1967 1418 2032 colant
1463 1974 1838 2049 amentque:

642 2080 755 2144 Bis
800 2096 991 2143 senos
1036 2078 1160 2142 cito
1204 2084 1269 2142 te
1313 2085 1582 2160 rogante
1626 2077 1838 2143 fasces

641 2192 771 2256 Det
814 2187 1059 2254 Stellae
1102 2188 1308 2253 bonus
1354 2196 1725 2271 annuatque
1772 2189 2031 2254 Caesar.

642 2302 829 2367 Felix
874 2306 1028 2364 tunc
1069 2318 1191 2382 ego
1237 2298 1617 2382 debitorque
1660 2301 1794 2364 voti

643 2413 956 2478 Casurum
1000 2409 1118 2476 tibi
1163 2412 1437 2476 rusticas
1485 2410 1569 2477 ad
1616 2429 1764 2476 aras

526 2534 598 2588 10
646 2525 895 2589 Ducam
943 2521 1239 2587 cornibus
1285 2523 1500 2587 aureis
1543 2523 1904 2587 iuvencum.

640 2636 816 2701 Nata
859 2639 959 2698 est
1000 2632 1231 2712 hostia,
1279 2633 1574 2716 Phoebe3
1637 2632 1796 2716 quid
1839 2634 2148 2699 moraris?

474 2753 635 2763 ,-—.-.-

607 2789 739 2844 XLI
789 2792 838 2841 5.
902 2785 1094 2854 futuit]
1141 2787 1266 2842 aliit
1310 2786 1363 2850 (i.
1405 2802 1451 2842 e.
1499 2787 1666 2855 saliit)
1713 2792 1824 2860 aus
1863 2790 2051 2843 Rasur
2095 2790 2145 2842 T
2177 2792 2242 2851 (5.
2279 2798 2311 2843 6
2344 2791 2538 2860 selden
2579 2790 2637 2843 in
2675 2793 2738 2855 Q)

473 2881 520 2932 7.
580 2874 906 2946 perdiderat
950 2873 1152 2926 TEFm
1175 2874 1275 2926 Ser
1320 2872 1559 2927 Gaba-u
1587 2892 1648 2943 p.
1684 2880 1786 2927 214
1992 2874 2360 2942 perdiderant
2406 2877 2564 2937 PQO
2581 2876 2736 2930 Schtz.

474 2968 524 3020 8.
569 2961 897 3017 mandasset
941 2958 1143 3012 TEFw
1159 2960 1260 3012 Sor
1292 2959 1501 3013 Gabari
1526 2961 1560 3013 l.
1587 2961 1620 3012 l.
1693 2961 2060 3014 mandassent
2095 2961 2196 3021 PQ
2225 2960 2378 3012 Solen.

607 3046 765 3102 XLII
806 3049 849 3099 1.
910 3045 995 3100 sic
1028 3044 1261 3116 Myrinis
1305 3046 1351 3098 Ο
1420 3044 1715 3100 semurinis
1752 3047 1798 3111 ⁹13
1882 3044 2158 3099 semirinis
2198 3045 2265 3107 (ir
2300 3048 2414 3115 auf
2443 3046 2643 3113 Rasur)
2687 3049 2734 3107 Q

471 3142 530 3192 at
567 3131 861 3189 semurinis
899 3130 958 3183 F
1022 3129 1106 3185 sic
1142 3130 1391 3184 murinus
1426 3130 1662 3184 EXAG
1726 3145 1769 3183 s.
1806 3130 2039 3184 murinis
2084 3133 2135 3182 G
2206 3127 2300 3183 Sic
2338 3131 2565 3186 marinis
2605 3133 2736 3184 Sca-

470 3221 605 3291 liqer
630 3219 769 3272 δώῃ
837 3219 886 3268 6.
923 3220 982 3270 te
1016 3216 1116 3283 §BQ
1144 3216 1243 3267 Ser
1270 3214 1443 3266 Schn²
1512 3229 1600 3268 me
1636 3215 1790 3267 EFm
1817 3215 1989 3267 Schn¹
2082 3216 2161 3266 11.
2200 3213 2351 3269 Nata
2386 3216 2520 3267 codd
2584 3215 2739 3271 Vota

471 3307 596 3361 Hm
652 3304 860 3358 Parta?

609 3461 656 3510 3.
692 3457 799 3510 sed.
873 3454 955 3509 ΖΠ
990 3455 1019 3508 I
1057 3454 1171 3518 117,
1209 3456 1258 3507 7.

606 3543 768 3598 XLII
818 3543 862 3596 1.
919 3538 1132 3608 Campis
1174 3569 1244 3578 -
1289 3537 1547 3608 Myrinis.
1624 3537 1705 3593 Zu
1741 3538 1960 3608 Myrina
2002 3539 2063 3593 in
2106 3537 2306 3594 Aeolis
2354 3539 2588 3608 gehorte
2637 3541 2742 3598 das

470 3630 764 3686 beruhmte
815 3622 1226 3694 Apolloorakel
1276 3639 1392 3678 von
1439 3622 1665 3694 Grynea
1720 3623 1859 3678 oder
1907 3622 2178 3694 Grynium
2215 3623 2445 3693 (Apollo
2483 3624 2743 3696 Gryneus

471 3715 645 3785 Verg.
683 3712 757 3769 A.
793 3710 875 3767 IV
902 3713 1001 3763 345
1038 3709 1152 3780 vgl.
1188 3708 1308 3764 Ecl.
1346 3712 1394 3775 6,
1421 3712 1528 3774 72).
1580 3708 1785 3766 Strabo
1821 3709 1960 3763 XIII
1996 3726 2055 3779 p.
2084 3713 2183 3764 622
2220 3708 2424 3784 Μύρινα
2457 3742 2527 3750 -
2563 3711 2744 3773 Αἰολὶς

470 3800 619 3860 πόλις
655 3800 847 3873 ἔχουσα
880 3796 1065 3865 λιμένα
1090 3824 1162 3834 -
1194 3795 1307 3849 εἶτα
1341 3794 1603 3870 πολίχνιον
1647 3793 1943 3866 Μυριναὶων
1998 3793 2206 3868 Γρὺνιον
2241 3797 2331 3850 καὶ
2376 3798 2507 3871 ἱερὸν
2548 3793 2745 3854 Ἀπόλ-

470 3887 636 3946 λωνος
680 3886 769 3939 καὶ
819 3887 1055 3953 μαντεῖον
1104 3881 1320 3953 ἀρχαῖον
1362 3883 1451 3936 καὶ
1509 3885 1638 3941 νεὼς
1695 3881 1981 3953 πολυτελὴς
2049 3882 2237 3937 λευκοῦ
2306 3881 2488 3944 λίθου.
2566 3886 2745 3938 στάδια

470 3971 758 4043 δ’ἐπάὐτὴν
792 3968 1179 4039 τετταράκοντα.

609 4060 659 4111 2.
700 4054 911 4111 senibus
944 4084 1015 4093 —
1050 4051 1246 4123 qumk.
1319 4051 1399 4105 ΖΠ
1433 4050 1487 4106 V
1523 4053 1606 4117 37,
1646 4054 1690 4104 1.

608 4145 655 4195 3.
692 4143 901 4196 Doctae
934 4169 1002 4179 —-
1036 4156 1257 4191 sorores.
1334 4137 1416 4191 Zu
1448 4137 1477 4191 Ι
1516 4139 1597 4204 70,
1638 4138 1719 4189 15.

608 4232 656 4281 4.
694 4224 941 4296 Delphis.
1014 4224 1122 4279 Die
1157 4222 1382 4293 Pythia.

617 4318 667 4368 5.
709 4310 944 4367 Palatia.
998 4296 1096 4364 'Zu
1132 4309 1159 4363 1
1198 4311 1279 4376 τυ,
1316 4311 1364 4361 5.
