3192 5084
807 403 1273 474 Epigrammaton
1305 402 1474 459 Liber
1496 399 1581 456 XI
1622 401 1788 466 (editt
1808 399 2119 457 December
2141 403 2249 466 96).
2535 404 2654 466 175

568 577 689 642 Ars
735 583 800 643 et
842 577 1074 661 gratia,
1119 576 1303 641 lusus
1346 581 1413 641 et
1454 574 1776 658 voluptas,

488 696 522 751 5
570 688 840 753 Romani
884 686 1083 754 decus
1128 694 1195 753 et
1237 686 1418 752 dolor
1458 685 1696 752 theatri

568 799 781 882 Atque
824 817 1045 865 omnes
1087 800 1374 865 Veneres
1417 779 1900 881 Cupidinesq'ffe

569 911 706 977 Hoc
751 918 902 977 sunt
944 909 1220 990 condita,
1268 929 1395 993 quo
1439 910 1646 989 Paris,
1691 910 2003 992 sepulcro.
2039 941 2070 1012 ι
2081 952 2112 1032 1
2131 962 2209 1068 a(

1433 1081 1612 1146 XIV.

571 1192 880 1272 Heredes,
926 1193 1127 1259 nolite
1149 1192 1435 1259 brevem
1480 1067 1758 1276 sepetssre
1802 1192 2120 1256 colonum:

659 1305 826 1370 Nam
870 1311 1044 1370 terra
1087 1312 1191 1371 est
1232 1304 1332 1370 illi
1378 1305 1946 1387 quantulacunque
1988 1304 2226 1386 gravis.

1898 661 1939 702 7*

2256 1353 2430 1457 [Ἠ

1455 1467 1601 1532 XV.

572 1578 744 1664 Sunt,
779 1578 1043 1644 chartae
1084 1578 1261 1657 mihi,
1311 1597 1474 1661 quas
1518 1577 1780 1644 Catonis
1826 1597 1986 1643 uxor

571 1690 653 1757 Et
696 1710 859 1773 quas
901 1689 1244 1757 horribiles
1286 1691 1511 1774 legant
1554 1689 1855 1755 Sabinae.

571 1802 693 1867 Hic
737 1808 907 1868 totus
950 1803 1097 1869 volo
1140 1801 1352 1868 rideat
1394 1801 1653 1867 libellus
1846 1885 1852 1891 Ι

571 1914 655 1978 Et
698 1914 783 1979 sit
824 1914 1096 1996 nequior
1138 1913 1433 1990 omnibus
1476 1912 1752 1994 libellis3

491 2033 525 2086 5
573 2022 699 2102 Qui
743 2025 893 2091 vino
938 2023 1201 2090 madeat
1244 2044 1365 2091 nec
1408 2043 1522 2090 eru
1569 2031 1749 2090 escat

571 2136 803 2220 Pingui
848 2135 1147 2202 sordidus
1194 2155 1338 2202 esse
1381 2136 1506 2202 Cos
1573 2137 1756 2216 iano;

571 2245 787 2314 Ludat
828 2266 973 2313 cum
1015 2248 1255 2332 pueris,
1302 2255 1475 2314 amet
1517 2247 1792 2331 puellas,

516 2373 520 2378 ·
570 2358 709 2424 Nec
752 2377 868 2441 per
911 2360 1213 2424 circuitus
1257 2358 1558 2442 loquatur
1602 2359 1809 2436 illam,

573 2469 671 2534 Ex
717 2489 847 2552 qua
888 2471 1231 2550 nascimur,
1280 2471 1563 2536 omnium
1606 2476 1958 2554 parentem,

454 2589 525 2645 lo
572 2579 780 2659 Quam
825 2589 1086 2648 sanctus
1130 2582 1347 2648 Numa
1390 2582 1744 2647 mentulam
1788 2580 2081 2648 vocabat.

573 2693 812 2758 Versus
854 2691 973 2758 hos
1018 2700 1235 2759 tamen
1281 2711 1426 2759 esse
1470 2699 1541 2759 tn
1585 2699 1904 2758 memento

572 2802 1055 2884 Saturnalicios,
1099 2804 1526 2888 Apollinaris:

575 2915 787 2981 Mores
829 2935 958 2981 non
1000 2914 1201 2983 habet
1242 2917 1349 2983 hic
1390 2935 1569 2983 meos
1615 2915 1899 2982 libellus.
2014 2926 2042 3013 1
2076 2925 2128 2999 ὅ
2151 2910 2222 3009 q

1449 3070 1627 3137 XVI.

573 3180 697 3260 Qui
741 3183 961 3265 gravis
1006 3201 1077 3248 es
1121 3183 1406 3263 nimium,
1450 3189 1638 3270 potes
1681 3181 1833 3247 hinc
1875 3182 2026 3258 iam,
2073 3181 2288 3261 lector,
2339 3182 2519 3250 abire

659 3291 799 3371 Quo
842 3292 1031 3359 libet:
1081 3294 1368 3360 urbanae
1412 3295 1788 3379 scripsimus
1832 3293 1961 3358 ista
2004 3301 2228 3379 togae;
2262 3286 2314 3408 x

608 3463 1278 3531 xlnc.z111x11,9.

539 3622 590 3671 5.
631 3619 785 3673 decus
819 3624 870 3672 ot
905 3620 1071 3674 dolor.
1131 3619 1240 3675 Die
1273 3619 1682 3685 Allitteration‚
1720 3620 1825 3675 wie
1862 3620 1923 3675 in
1957 3619 2146 3675 vielen
2190 3619 2494 3676 ahnliehen
2527 3620 2670 3677 Ver-

400 3703 745 3776 bindungen,
780 3704 893 3760 wol
926 3706 1088 3762 nicht
1119 3706 1601 3777 unbeabsichtigt.
1664 3705 1944 3761 LHueller
1976 3723 2022 3762 r.
2058 3722 2130 3760 m.
2170 3722 2226 3775 p.
2246 3710 2363 3762 454.

537 3789 673 3846 XIV
708 3793 756 3844 2.
791 3791 952 3864 Eme,
975 3790 1338 3862 Auspielung
1383 3791 1487 3848 auf
1517 3793 1623 3849 das
1668 3791 1755 3847 Sit
1810 3791 1915 3848 tibi
1962 3797 2110 3847 terra
2154 3792 2298 3848 levis
2342 3793 2443 3849 der
2488 3791 2671 3850 Grab-

407 3874 693 3932 schriften.
759 3877 842 3932 Zu
876 3877 929 3932 V
965 3879 1046 3943 34,
1083 3881 1116 3931 9
1151 3894 1204 3934 u.
1248 3879 1327 3932 10.

540 3961 646 4017 XV
682 3966 729 4018 2.
765 3963 1046 4018 horribiles
1079 3991 1148 4003 -
1185 3964 1427 4018 Sabinae.
1488 3963 1542 4017 X
1566 3965 1650 4029 33,
1680 3966 1703 4015 1
1744 3963 2066 4033 Slmplicior
2101 3963 2306 4033 priscis
2330 3992 2399 4001 —
2424 3962 2667 4020 Sabinis.

540 4051 587 4100 3.
625 4047 831 4103 libellam
875 4080 944 4089 —
991 4051 1040 4102 4.
1088 4049 1295 4104 libellis.
1354 4048 1538 4106 Ueber
1595 4051 1707 4106 den
1755 4049 1990 4106 Schluss
2036 4050 2237 4105 zweier
2282 4046 2670 4104 aufeinander·

404 4131 700 4203 folgender
735 4133 913 4190 Verso
947 4134 1050 4190 mit
1084 4134 1408 4191 demselben
1440 4134 1640 4192 Worte
1677 4153 1747 4192 zu
1782 4137 1811 4191 I
1847 4140 1895 4202 7,
1932 4138 1964 4189 3
1998 4152 2055 4191 u.
2096 4137 2148 4190 4.

540 4221 588 4273 6.
633 4219 926 4275 Cosmiano.
985 4219 1067 4275 Ζῑι
1101 4220 1130 4274 Ῑ
1166 4223 1249 4286 87,
1286 4223 1334 4274 2.

543 4307 624 4358 12.
665 4305 1021 4376 Apollinaris.
1081 4305 1163 4361 Ζῑι
1199 4306 1280 4362 IV
1316 4309 1400 4372 86,
1437 4308 1487 4360 3.

539 4389 674 4448 XVI
711 4394 760 4444 2.
801 4391 1037 4446 urbanae
1082 4391 1392 4462 smpsimus
1437 4392 1542 4446 iata
1587 4397 1752 4463 toque.
1827 4392 1946 4449 Das
1981 4391 2268 4461 bisherige
2308 4391 2440 4461 (νεὶ.
2484 4406 2554 4446 zu
2590 4368 2722 4521 lv!
