3192 5084
515 378 634 443 158
1318 370 1392 428 M.
1432 370 1646 427 Valerii
1681 371 1954 428 Martialis

678 546 963 612 Venator
1005 542 1312 628 leporem,
1362 544 1625 609 eolonus
1671 541 1968 622 haedum,

681 659 976 724 Piscator
1017 655 1184 721 ferat
1227 674 1580 738 aequorum
1624 656 1907 739 rapinas.

685 769 756 836 Si
800 766 995 834 mittit
1038 785 1160 833 sua
1202 766 1494 850 quisque,
1543 765 1700 850 quid
1743 773 2001 850 poetam

557 889 638 946 20
683 880 1026 946 Missurum
1068 877 1206 959 tibi,
1254 877 1588 958 Restituto,
1638 876 1890 944 eredis?
2309 896 2483 1005 76
2511 905 2590 1016 q

1143 1021 1148 1028 ·
1433 974 1939 1086 Lxxxvm.13

684 1103 923 1170 Omnes
967 1101 1373 1187 persequeris
1415 1107 1804 1186 praetorum,
1852 1102 2060 1181 Cotta,
2116 1098 2371 1166 libellos

772 1214 1029 1299 Aeeipis
1074 1220 1139 1280 et
1183 1166 1385 1280 edi-as.
1462 1211 1804 1280 Officiosus
1848 1212 2039 1279 homo
2086 1229 2181 1281 es.
2421 1204 2505 1290 ΓΖ
2531 1198 2655 1325 7(

1457 1350 1826 1416 LXXXIX.
1850 1336 1931 1442 β

688 1463 1097 1598 Qlabor,
1143 1460 1482 1546 Polyclito,
1527 1468 1678 1527 tuus
1722 1469 1786 1528 et
1830 1461 2039 1546 gloria
2080 1461 2256 1540 felix,

772 1574 962 1642 Phidi
1168 1581 1477 1657 cuperent
1519 1589 1714 1656 quam
1759 1574 2072 1639 meruisse
2116 1591 2363 1646 manus,

691 1687 818 1754 Ore
862 1687 1026 1752 nitet
1184 1690 1267 1764 to,
1315 1692 1555 1769 quanto
1601 1693 1974 1769 superasset
2016 1686 2084 1750 in
2128 1684 2250 1750 Ida

781 1796 1005 1864 Iudice
1049 1768 1376 1863 Effivietas
1421 1816 1550 1862 non
1593 1795 1933 1863 dubitante
1977 1784 2158 1863 deas.

610 1920 644 1975 5
690 1911 1018 1989 Iunonem,
1063 1908 1399 1992 Polyelite‚
1448 1926 1632 1973 suam
1677 1909 1802 1974 nisi
1847 1908 2051 1975 frater
2093 1914 2362 1986 amaret,

778 2022 1090 2086 Iunonem
1134 2027 1388 2103 poterat
1430 2019 1634 2086 frater
1677 2039 1898 2086 amare
1940 2027 2138 2086 tuam.
2301 2030 2379 2120 ’Ζ
2412 2028 2499 2114 7
2519 2029 2604 2176 ’7

1580 2139 1721 2206 XC.

696 2242 871 2324 Quid
914 2242 1107 2308 vellis
1152 2245 1458 2324 vetulum,
1504 2244 1729 2328 Ligea‚
1777 2246 2096 2310 cunnum?

697 2354 868 2433 Quid
910 2353 1085 2420 busti
1129 2355 1378 2421 eineres
1423 2357 1518 2421 tui
1564 2354 1878 2421 lacessis?

702 2467 899 2533 Tales
943 2466 1299 2533 munditiae
1344 2466 1576 2533 deoent
1616 2467 1871 2551 puellas
1909 2503 1997 2513 —

700 2578 869 2644 Nam
913 2584 983 2644 tu
1027 2578 1158 2643 iam
1202 2598 1322 2644 nee
1364 2597 1529 2645 anus
1572 2584 1760 2663 potes
1803 2576 2011 2643 videri
2054 2604 2173 2642 -ε

620 2699 654 2754 5
700 2687 908 2770 Istud,
959 2688 1150 2755 erede
1193 2689 1370 2769 mihi,
1418 2691 1646 2775 Ligea,
1694 2689 1869 2755 belle

699 2802 847 2867 Non
890 2808 1097 2867 mater
1139 2801 1296 2869 faeit
1339 2802 1658 2882 Heotoris,
1709 2799 1827 2866 sed
1872 2818 2055 2865 uxor.

703 2913 919 2992 Erras,
968 2911 1024 2976 si
1068 2911 1187 2979 tibi
1231 2932 1477 2979 eunnus
1521 2913 1630 2979 hie
1672 2910 1949 2991 videtur,

703 3021 808 3090 Ad
854 3043 1044 3118 quem
1088 3027 1377 3090 mentula
1418 3025 1742 3109 pertinere
1789 3021 1978 3090 desit.

706 3135 923 3216 Quare
967 3135 1024 3200 si
1068 3134 1275 3219 pudor
1319 3145 1435 3217 est,
1481 3136 1705 3220 Ligea‚
1754 3136 1887 3201 noli

589 3257 658 3311 ιο
704 3246 985 3312 Barbam
1030 3246 1273 3312 vellere
1316 3254 1564 3313 mortuo
1611 3247 1805 3313 leoni.
2208 3221 2375 3338 13(
2408 3235 2496 3357 7

672 3415 1222 3474 Lxxxvm—xcl
1247 3418 1440 3490 solam
1475 3416 1534 3471 in
1570 3418 1728 3472 Fam.
1775 3419 1866 3473 Ga.
1939 3417 2089 3472 Einl.
2128 3418 2184 3471 S.
2218 3425 2303 3473 86.

673 3502 1025 3558 LXXXVIII
1065 3506 1110 3555 1.
1169 3502 1395 3560 libellos
1434 3504 1491 3557 R
1512 3503 1688 3556 Solam
1756 3502 1995 3560 locellos
2034 3506 2128 3565 Qm
2155 3504 2295 3557 Solon
2308 3505 2344 3556 ¹.
2633 3561 2643 3573 ‚

674 3588 773 3644 XC
815 3593 858 3642 1.
895 3591 943 3641 5.
979 3592 1029 3643 9.
1076 3589 1257 3660 ngea
1296 3591 1532 3656 (mea
1564 3588 1663 3646 Ad
1697 3589 1930 3661 Ligiam)
1976 3591 2028 3644 T
2089 3589 2290 3660 Ligeia
2324 3589 2372 3657 ΞΒ
2397 3589 2572 3643 δολπῑ
2642 3590 2807 3660 Ligia

542 3680 590 3739 Q
617 3676 788 3730 801»st
854 3673 1076 3745 Ligella
1110 3698 1154 3729 ω
1194 3677 1315 3746 (091.
1352 3674 1460 3730 ΧΠ
1482 3677 1613 3741 7‚2).

676 3829 1041 3886 LXXXVIII.
1117 3830 1228 3885 Ein
1262 3829 1354 3887 bei
1403 3829 1558 3899 jeder
1593 3829 2031 3899 Interpunktion
2062 3828 2242 3900 vuuig
2277 3829 2808 3886 unverstiindliehea

540 3917 884 3988 Epigramm.

680 4000 984 4057 LXXXIX.
1020 3999 1145 4055 Auf
1174 4000 1299 4057 eine
1336 3999 1517 4071 Copie
1554 4002 1655 4057 der
1688 4000 1841 4057 Juno
1877 4001 1980 4057 des
2015 3999 2296 4070 Polyclet.
2360 3998 2451 4055 SG
2484 3999 2570 4054 III
2608 4002 2725 4065 253,
2767 4003 2810 4054 1.

687 4093 729 4144 1.
768 4095 890 4144 tuas
923 4086 1030 4142 wie
1065 4086 1178 4141 vn
1210 4065 1798 4154 μῗΠΠίεῐΓὸῗῖ.
1837 4104 1909 4142 m.
1944 4102 2001 4156 p.
2038 4087 2156 4140 331.

679 4174 854 4246 yloria
875 4171 1041 4246 felix.
1100 4172 1240 4226 VIII
1277 4175 1358 4240 55,
1401 4175 1461 4229 13
1496 4171 1637 4228 felix
1672 4171 1856 4242 gloria
1888 4171 1970 4226 IX
1992 4175 2076 4237 44,
2103 4174 2134 4224 2
2172 4188 2319 4242 opus
2354 4170 2628 4242 laborque
2663 4171 2816 4228 felix.

680 4258 799 4314 XC.
841 4258 1031 4329 Liyea.
1088 4256 1265 4313 Name
1302 4257 1458 4314 einer
1491 4256 1915 4328 Waldnymphe
1951 4257 2120 4328 Verg.
2156 4256 2226 4313 G.
2268 4257 2345 4312 IV
2383 4259 2500 4311 336.

683 4346 733 4400 8.
769 4345 917 4398 desit.
979 4342 1060 4399 Zu
1096 4341 1175 4412 Sp
1217 4346 1295 4408 16,
1337 4345 1381 4396 1.
