3192 5084
596 409 1060 480 Epigrammaton
1093 408 1262 465 Liber
1296 406 1408 462 XII
1446 410 1491 472 (⁴2
1508 405 1643 461 ΧῙῙ1
1679 407 1828 464 editt
1859 407 2169 467 December
2206 410 2349 476 101).
2491 418 2608 479 251

1359 580 1592 646 LVHI.

526 693 1015 760 Ancillariolum
1059 698 1172 759 tua
1215 699 1281 759 te
1322 699 1514 758 vocat
1555 712 1735 773 uxor,
1782 699 1850 759 et
1891 693 2040 778 ipsa

613 804 1037 873 Lecticariola
1079 811 1205 872 est:
1254 804 1428 885 estis,
1475 802 1755 885 Alauda,
1801 825 2011 890 pares.

1402 941 1573 1006 LIX.

531 1054 811 1121 Tantum
856 1052 970 1122 dat
1011 1053 1130 1120 tibi
1174 1055 1379 1120 Roma
1422 1052 1750 1119 basiorum

529 1167 686 1233 Post
729 1185 933 1234 annos
974 1165 1164 1233 modo
1210 1163 1576 1250 quindecim
1622 1183 1898 1246 reverso,

527 1277 852 1357 Quantum
895 1278 1138 1344 Lesbia
1180 1297 1308 1343 non
1352 1275 1534 1343 dedit
1576 1276 1853 1343 Catullo,

531 1390 628 1456 Te
669 1389 916 1456 vicinia
956 1396 1111 1469 tota,
1158 1394 1225 1454 te
1268 1388 1517 1473 pilosus
1946 1383 1956 1392 ’

343 1563 348 1568 ,
449 1509 483 1564 5
530 1500 800 1566 Hircoso
845 1501 1079 1586 premit
1123 1497 1343 1566 osculo
1388 1501 1667 1580 colonus,

529 1611 696 1677 Hinc
737 1612 939 1677 instat
979 1610 1100 1678 tibi
1143 1589 1371 1691 textor,
1418 1608 1573 1677 inde
1616 1610 1793 1692 fullo,

531 1722 700 1788 Hinc
742 1727 920 1788 sutor
960 1722 1151 1789 modo
1195 1722 1368 1808 pelle
1410 1722 1687 1802 basiata,

530 1834 699 1900 Hinc
741 1835 941 1901 menti
986 1833 1282 1901 dominus
1327 1832 1702 1919 pediculosi,

526 1955 665 2020 Nec
710 1920 893 2021 desst
935 1953 1086 2020 hinc
1128 1956 1329 2021 oculis
1374 1961 1440 2021 et
1480 1954 1637 2021 inde
1679 1955 1917 2040 lippus,

411 2075 484 2130 10
529 2066 944 2149 Fellatorque
987 2086 1344 2150 recensque
1388 2067 1819 2152 cunnilingus.

525 2178 666 2243 Iam
709 2178 875 2245 tanti
917 2177 1037 2245 tibi
1081 2198 1209 2245 non
1253 2179 1375 2246 fuit
1417 2177 1650 2246 redire.
1788 2200 1853 2286 H
1877 2195 2032 2286 bffl

1416 2296 1662 2403 1211.ss

527 2427 751 2493 Martis
796 2428 1055 2493 alumne
1099 2426 1165 2493 d·
1247 2477 1260 2507 ‚
1306 2446 1560 2494 roseam
1605 2447 1732 2511 quo
1775 2429 1842 2494 la
1908 2427 2083 2513 pada
2126 2430 2401 2514 primum

614 2539 984 2622 Magnaque
1028 2537 1156 2626 sid
1242 2539 1265 2602 i
1310 2537 1590 2616 vidimus
1638 2559 1752 2606 ora
1780 2539 1847 2626 „d
1877 2561 1920 2626 ι,

531 2648 603 2715 Si
647 2655 713 2715 te
757 2667 905 2714 rure
947 2619 1486 2733 coliffidesque
1528 2650 1800 2736 pudebit
1844 2652 1930 2719 ad
1974 2623 2141 2730 aras,

617 2758 743 2838 Qui
787 2758 1005 2826 fueras
1048 2759 1242 2826 Latia
1284 2761 1492 2827 cultus
1535 2761 1606 2826 in
1649 2761 1810 2828 urbe
1852 2763 2042 2830 mihi:

450 2879 484 2934 5
531 2871 638 2936 Da
681 2872 956 2952 veniam,
1004 2871 1249 2938 servire
1292 2874 1457 2939 meis
1501 2872 1675 2955 quod
1719 2875 1864 2940 nolo
1908 2872 2247 2955 Kalendis,

495 3041 624 3097 LIX
660 3045 708 3096 9.
758 3041 875 3098 Wio
909 3042 986 3096 im
1029 3043 1164 3097 Text
1201 3043 1348 3105 (odor
1380 3042 1574 3112 lippis)
1613 3045 1740 3100 Hm
1807 3045 1955 3103 Hinc
1990 3046 2229 3103 desiocu
2264 3049 2317 3112 (o
2343 3046 2491 3110 XV)
2533 3045 2624 3104 lus

367 3128 606 3184 XBCV
621 3129 764 3183 δεῖν»
832 3128 1168 3186 dexioculus
1204 3129 1316 3183 EA
1409 3129 1782 3188 dexiocholus
1820 3133 1932 3187 PF
2015 3130 2371 3189 dexiochilus
2408 3134 2457 3195 Q
2526 3133 2626 3189 de-

365 3211 606 3269 flocuius
648 3213 921 3281 (subinde)
966 3217 1013 3271 Ο
1103 3214 1251 3272 Hinc
1286 3213 1714 3285 defioculusque
1727 3255 1743 3279 ,
1793 3223 1853 3274 et
1894 3217 2027 3274 inde
2080 3218 2274 3287 lippus
2313 3219 2413 3274 Ser
2480 3218 2628 3276 Hinc

364 3298 552 3357 factus
587 3301 757 3356 modo
791 3302 944 3363 (oder
978 3301 1218 3367 ufinlieh)
1253 3300 1464 3368 luscus,
1501 3301 1635 3358 inde
1669 3302 1863 3371 lippus
1900 3304 2126 3357 Mauro.

500 3386 601 3441 LX
640 3388 806 3440 1—14
841 3388 923 3441 als
967 3390 1176 3442 Gaiam
1221 3389 1439 3452 Gruter,
1477 3389 1578 3441 Ser
1614 3390 1784 3460 Paley
1827 3388 2037 3445 Gilbert
2062 3407 2127 3460 p.
2166 3398 2281 3456 6,5.

499 3471 601 3528 Lx
639 3475 771 3526 1-6
807 3474 887 3526 als
921 3473 1300 3544 selbstdndiqee
1344 3472 1571 3528 Gedicht
1607 3475 1741 3528 codd
1774 3476 1914 3530 Solen
1952 3476 2052 3541 (De
2087 3489 2150 3531 se
2187 3476 2284 3540 X).

501 3561 551 3612 3.
599 3558 840 3627 pudebit
876 3559 1231 3616 EXABCV
1290 3559 1511 3630 pigebit
1548 3559 1711 3621 QFm.

499 3701 645 3756 LIX.
705 3702 786 3756 Zu
819 3703 904 3757 XI
938 3706 1024 3760 98.
1326 3706 1375 3757 2.
1413 3704 1739 3774 quindecim.-
1784 3705 1897 3761 wol
1930 3706 2039 3761 wie
2073 3705 2157 3760 XI
2191 3707 2242 3771 6,
2276 3708 2336 3758 13
2374 3704 2465 3763 fiir
2499 3708 2626 3765 eine

363 3786 612 3856 beliebig
634 3802 832 3857 grosse
868 3787 1020 3845 Zahl.
1175 3795 1224 3846 4.
1261 3793 1310 3844 5.
1338 3790 1550 3861 pilosus
1585 3791 1821 3847 Hircoso
1853 3820 1927 3831 —
1959 3794 2149 3847 osculo.
2206 3790 2338 3863 vgl.
2374 3791 2457 3850 IX
2491 3796 2578 3858 47,
2598 3796 2628 3846 5

365 3872 608 3930 hircosis
637 3902 708 3912 —
741 3872 959 3942 pilosis.
1269 3879 1319 3931 7.
1381 3875 1512 3947 Vgl.
1548 3877 1633 3932 IX
1668 3880 1751 3944 73,
1790 3879 1839 3933 1.
1880 3880 1933 3931 2.

504 3962 552 4012 9.
614 3958 732 4012 Nee
765 3958 906 4013 deest
937 3959 1062 4014 hino
1096 3960 1261 4016 oculs}
1294 3967 1346 4017 et
1382 3962 1503 4018 inde
1538 3964 1736 4035 lippus.
1794 3962 1925 4034 Vgl.
1962 3962 2044 4019 1v
2079 3964 2161 4029 39,
2198 3965 2231 4017 0
2266 3961 2388 4018 Nec
2420 3962 2633 4019 desunt

366 4044 472 4102 tibi
507 4060 644 4100 vera
689 4041 963 4100 Gratiana
1006 4045 1059 4099 X
1093 4048 1180 4114 483
1223 4049 1286 4101 10
1320 4046 1441 4105 Nec
1475 4049 1641 4106 deest
1673 4050 1945 4106 ructatrix
1996 4049 2226 4106 mentha
2293 4047 2407 4102 XII
2443 4049 2527 4113 32,
2569 4050 2629 4101 18

365 4128 738 4272 Νοῖῃὲααᾱῐὲ
770 4129 968 4187 deerat
1003 4133 1160 4190 casei
1190 4131 1496 4191 Tolosatis.
1534 4164 1600 4176 -—
1635 4136 1663 4190 Ι
1689 4139 1803 4202 117,
1832 4138 1891 4189 11
1932 4135 2176 4204 Scriptis
2210 4133 2473 4204 postibus
2497 4134 2632 4190 hinc

368 4223 429 4274 et
562 4231 594 4272 e
629 4221 691 4272 to
740 4232 785 4272 s.

503 4302 606 4358 LX
644 4306 690 4358 1.
727 4305 776 4356 2.
848 4302 930 4358 Zn
961 4303 1044 4358 IX
1081 4306 1162 4370 52,
1197 4307 1245 4358 3.
1360 4306 1560 4362 siderei
1588 4336 1659 4349 -
1693 4306 1797 4362 dei.
1860 4306 1942 4364 Zu
1978 4306 2057 4376 Sp
2096 4307 2219 4372 2,1.

505 4390 560 4443 4.
621 4388 787 4444 Latia
821 4418 888 4428 —
923 4387 982 4443 in
1015 4390 1159 4446 urbs.
1220 4390 1303 4447 Zu
1334 4390 1474 4447 VIII
1511 4394 1559 4459 8,
1599 4396 1631 4445 5
1757 4395 1974 4464 fueras.
2037 4392 2118 4449 Zu
2153 4392 2181 4446 1
2219 4393 2334 4457 107,
2371 4393 2421 4448 3.
