3192 5084
575 393 657 454 44
1387 385 1460 441 M.
1500 385 1716 442 Valerii
1751 384 2024 442 Martialis

833 560 1157 627 Succurrit
1199 559 1433 625 misero
1479 576 1670 624 casus
1715 578 2030 642 opemque
2074 559 2249 637 tulit3

745 672 1060 751 Quattuor
1101 671 1392 756 inscripti
1436 669 1780 754 portabant
1823 671 1953 735 vile
1998 668 2292 749 cadaver,

626 794 697 849 10
830 784 1085 868 Accipit
1129 782 1355 848 infelix
1399 782 1624 865 qualia
1667 783 1843 848 mille
1887 799 2111 867 rogus3

743 897 879 962 Hos
923 914 1136 962 comes
1180 893 1506 960 invalidus
1552 894 1877 959 submissa
1920 912 2077 959 voce
2119 901 2436 977 precatur,

829 1008 918 1075 Ut
961 1025 1341 1090 quocunque
1385 1006 1606 1085 velint,
1653 1023 1882 1090 corpus
1925 1006 2121 1072 inane
2164 1005 2406 1072 ferant:

741 1120 1148 1185 Permutatur
1192 1136 1352 1184 onus
1397 1118 1767 1201 stipataque
1812 1116 2057 1183 tollitur
2101 1116 2232 1184 alte

831 1228 1110 1297 Grandis
1155 1231 1223 1294 in
1267 1235 1546 1313 angusta
1588 1230 1847 1295 sarcina
1890 1227 2251 1313 sandapila.

624 1352 696 1407 15
743 1343 867 1409 Hic
909 1341 1066 1407 mihi
1113 1340 1196 1407 de
1239 1341 1458 1407 multis
1502 1360 1687 1421 unus,
1736 1340 2014 1420 Lucane,
2062 1339 2336 1419 videtur,

829 1455 949 1521 Cui
992 1454 1219 1519 merito
1265 1451 1395 1518 dici
1441 1459 1715 1517 »mortue
1760 1446 1978 1518 Galle«
2021 1458 2254 1536 potest.

1545 1597 1843 1663 LXXVI.

745 1711 898 1778 »Dic
942 1730 1165 1777 verum
1211 1710 1384 1791 mihi,
1432 1710 1671 1790 Marce,
1720 1708 1824 1776 dic
1869 1709 2130 1787 amabo;

743 1822 856 1889 Nil
902 1831 1016 1903 est,
1065 1820 1239 1906 quod
1283 1822 1492 1906 magis
1538 1821 1802 1889 audiam
1845 1821 2176 1887 libentem

743 1934 851 2001 Sic
896 1941 961 2000 et
1004 1954 1148 2000 cum
1192 1935 1424 2000 recitas
1469 1940 1613 1999 tuos
1657 1933 1931 2011 libellos,

742 2047 827 2113 Et
870 2064 1132 2112 causam
1179 2046 1475 2128 quotiens
1520 2045 1663 2128 agis
1707 2045 1981 2124 clientis,

660 2168 693 2221 5
741 2156 925 2237 Oras,
976 2156 1249 2235 Gallice,
1296 2176 1401 2222 me
1444 2175 1766 2240 rogasque
1811 2174 2080 2242 semper.

740 2270 987 2334 Durum
1032 2277 1132 2336 est
1173 2287 1276 2335 me
1322 2268 1456 2347 tibi,
1507 2267 1680 2351 quod
1724 2269 1911 2352 petis,
1960 2288 2216 2353 negare.

741 2381 909 2446 Vero
955 2381 1170 2446 verius
1216 2399 1369 2464 ergo
1415 2379 1571 2464 quid
1619 2381 1724 2459 sit,
1774 2379 1956 2446 audi:

740 2494 996 2572 Verum,
1048 2491 1316 2571 Gallice,
1364 2511 1491 2558 non
1534 2492 1812 2558 libenter
1856 2491 2067 2558 audis.
2142 2454 2248 2585 q
2300 2459 2480 2613 ab

773 2662 983 2720 LXXV
1011 2666 1092 2716 11.
1134 2661 1300 2719 Cous.
1340 2663 1413 2718 ad
1449 2662 1570 2718 Liv.
1607 2666 1707 2717 289
1744 2664 2026 2720 submissa
2061 2678 2204 2719 voce
2240 2663 2521 2733 loquetur.
2596 2666 2675 2720 12.
2701 2664 2843 2720 Pro-

569 2757 712 2822 pert-
748 2750 830 2805 1v
871 2752 948 2815 17,
987 2750 1051 2801 32
1089 2749 1308 2805 animae
1344 2754 1577 2818 portent
1613 2765 1822 2819 corpus
1858 2751 2027 2806 inane
2064 2764 2217 2806 suae.
2266 2748 2432 2806 Ovid.
2471 2750 2598 2806 Am.
2641 2750 2728 2805 111
2747 2753 2843 2815 9,ss

568 2852 781 2907 corpus
817 2836 984 2891 inane
1019 2850 1181 2904 rogo.

776 2920 1015 2977 LXXVI
1057 2923 1100 2973 1.
1140 2919 1455 2989 Apollinar.
1484 2918 1678 2976 Sidon.
1700 2918 1764 2975 C.
1793 2923 1840 2986 9,
1872 2923 1892 2973 1
1936 2921 2061 2986 Dic,
2100 2921 2193 2977 dic
2231 2922 2384 2990 quod
2421 2928 2583 2991 peto,
2621 2921 2842 2993 Magne,

570 3009 665 3064 dic
701 3007 919 3064 amabo.

705 3166 754 3217 9.
796 3165 876 3215 10.
939 3159 1183 3231 Geringe
1228 3161 1407 3217 Leute
1467 3160 1700 3216 wurden
1765 3160 1856 3217 bei
1904 3161 2091 3217 Nacht
2140 3161 2433 3218 bestattet.
2517 3162 2845 3234 Marquardt

570 3246 680 3303 Prl.
718 3248 819 3302 333
856 3243 896 3301 f.

707 3333 757 3385 9.
799 3330 1067 3401 inseripti.
1129 3328 1612 3387 Gebrandmarkte
1649 3330 1912 3387 Sklaven.
1962 3330 2109 3387 Plin.
2145 3331 2212 3386 N.
2243 3332 2301 3387 h.
2339 3332 2535 3389 XVIlI
2571 3336 2656 3387 21.
2708 3334 2842 3390 Juv.

574 3422 654 3485 14,
691 3419 757 3471 24
793 3417 1069 3486 inscripta
1105 3415 1410 3486 ergastula.
1473 3416 1800 3488 Marquardt
1833 3415 1944 3472 Prl.
1984 3419 2099 3483 180,
2135 3421 2187 3469 4.

715 3505 792 3558 12.
853 3503 924 3559 D.
965 3503 1021 3557 h.
1063 3502 1198 3558 dass
1247 3501 1331 3557 sie
1380 3503 1490 3558 den
1523 3503 1725 3560 todten
1761 3503 1982 3574 Korper
2017 3519 2092 3559 an
2135 3504 2248 3559 den
2283 3511 2471 3560 ersten
2508 3503 2707 3561 besten
2744 3503 2846 3560 Ort

574 3596 776 3662 tragon
819 3589 953 3653 (und
989 3594 1131 3644 statt
1164 3589 1348 3645 seiner
1384 3588 1497 3645 den
1530 3588 1818 3659 Lingoner
1853 3588 2137 3656 aufladen)
2176 3590 2456 3646 mlichten.

710 3677 792 3729 15.
830 3675 1062 3728 Lucane.
1126 3674 1410 3731 Domitius
1445 3673 1728 3731 Lucanus.
1787 3674 1868 3730 Zu
1903 3675 1931 3730 I
1968 3678 2052 3729 36.

711 3763 789 3816 16.
826 3765 1030 3814 mortue
1076 3761 1245 3814 Galle.
1318 3759 1490 3816 Diese
1539 3758 1872 3829 Spottverse
1910 3767 2183 3817 stammen
2230 3760 2700 3817 wahrscheinlich
2739 3777 2844 3818 aus

571 3848 699 3903 dem
735 3846 795 3901 in
830 3845 1005 3902 ionici
1055 3862 1090 3900 a
1131 3845 1343 3901 maiore
1390 3844 1707 3903 versassteu
1744 3847 2092 3916 Spottliede,
2139 3847 2240 3903 mit
2286 3847 2558 3903 welchem
2607 3848 2700 3903 die
2735 3848 2848 3903 Re-

568 3933 758 3990 tiarier
780 3932 874 3988 die
908 3931 1301 4004 Myrmillonen
1334 3930 1607 3987 neckteu:

879 4018 1101 4075 Piscem
1137 4025 1299 4088 peto,
1335 4033 1454 4073 non
1489 4024 1546 4073 te
1581 4022 1737 4086 peto,
1777 4018 1915 4086 quid
1950 4033 2037 4073 me
2073 4016 2226 4088 fugi',
2254 4017 2432 4084 Galle,

877 4120 1643 4154 --υυ--υυ-
1692 4102 2126 4160 mortueGalle.

572 4191 663 4248 SG
698 4192 756 4247 11
794 4193 912 4244 482.
984 4191 1122 4248 Dies
1156 4191 1371 4247 konnte
1407 4190 1537 4246 sehr
1571 4188 1685 4245 wol
1721 4190 1868 4245 auch
1906 4190 2060 4246 daun
2107 4189 2440 4247 allbekannt
2483 4190 2633 4255 sein,
2681 4206 2847 4247 wenn

570 4278 737 4343 (uach
787 4277 1045 4335 PJMeier
1077 4277 1164 4333 De
1211 4276 1532 4347 gladiatura
1566 4276 1731 4331 Rom.
1773 4291 1829 4343 p.
1867 4277 2085 4341 35—42)
2131 4276 2225 4332 die
2263 4276 2519 4345 Gattuug
2560 4276 2661 4331 der
2697 4275 2849 4333 Galli

575 4364 783 4420 bereits
820 4380 921 4419 aus
960 4364 1059 4419 der
1092 4361 1284 4418 Arena
1306 4361 1757 4417 verschwunden
1781 4377 1913 4416 war.
