3192 5084
820 402 1281 471 Epigrammaton
1315 400 1482 457 Liber
1517 399 1599 453 XI
1637 400 1799 466 (editt
1832 400 2142 456 December
2163 402 2265 464 96).
2553 407 2662 470 181

580 576 675 639 Te
719 581 1052 658 spectante
1097 572 1279 640 dabit
1322 572 1507 639 nobis
1548 573 1797 638 lasciva
1840 574 2132 641 minister

463 679 534 748 '10
667 687 884 767 Basia,
931 687 1072 751 sive
1115 704 1315 766 meus,
1363 686 1504 750 sive
1550 686 1673 750 erit
1714 686 1827 751 ille
1872 691 2042 751 tuus.

578 797 682 863 Ad
726 817 949 863 cenam
994 798 1237 877 venies,
1285 794 1403 862 sed
1446 797 1541 862 sic
1580 796 1798 862 divisa
1842 797 2192 876 recumbes,

666 909 756 975 Ut
797 928 926 973 non
968 915 1316 992 tangantur
1359 908 1561 991 pallia
1606 914 1825 974 nostra
1869 910 2015 974 tuis.

584 1019 824 1086 Oscula
866 1040 1018 1085 rara
1059 1018 1249 1085 dabis
1294 1018 1478 1085 nobis
1524 1027 1590 1084 et
1633 1016 1761 1086 no'n
1806 1019 1994 1085 dabis
2040 1021 2227 1102 ultro,

666 1133 802 1198 Nec
845 1132 1033 1215 quasi
1075 1139 1281 1214 nupta
1324 1129 1528 1210 dabis,
1577 1130 1697 1197 sed
1741 1134 1926 1215 quasi
1973 1140 2178 1199 mater
2222 1151 2403 1198 anus.

463 1254 535 1308 15
583 1244 654 1309 Si
699 1250 881 1328 potes
926 1244 1054 1309 ista
1096 1245 1253 1326 pati,
1301 1243 1358 1308 si
1401 1243 1493 1307 nil
1537 1242 1824 1326 perferre
1868 1263 2147 1324 recusas,

669 1356 970 1421 Invenies
1016 1356 1128 1437 qui
1173 1361 1238 1419 te
1284 1352 1543 1436 ducere,
1595 1355 1752 1435 Sila,
1800 1356 2017 1422 velita
2111 1387 2302 1475 7-ss
2337 1391 2423 1497 03

1416 1490 1758 1589 xxlvnss

587 1625 756 1689 Dum
799 1631 866 1689 te
909 1611 1263 1707 prosequor
1307 1628 1373 1687 et
1416 1620 1677 1687 domum
1721 1620 1973 1701 reduco,

583 1737 823 1802 Aurem
867 1733 1021 1799 dum
1065 1734 1182 1799 tibi
1226 1740 1487 1817 praesto
1531 1733 1858 1816 garrienti,

586 1849 667 1913 Et
711 1844 1026 1929 quidquid
1067 1846 1352 1928 loqueris
1395 1844 1690 1926 facisque
1732 1842 1945 1924 laud0,

586 1959 756 2036 Quot
798 1976 1024 2023 versus
1067 1963 1382 2042 poterant,
1428 1956 1724 2036 Labulle,
1768 1957 1976 2022 nasci!

508 2079 540 2135 5
587 2072 724 2137 Hoc
771 2069 1071 2135 damnum
1119 2068 1235 2133 tibi
1281 2087 1409 2133 non
1451 2066 1710 2134 videtur
1791 2087 1914 2149 sse,

589 2184 660 2250 Si
705 2180 878 2275 quod
921 2183 1126 2247 Roma
1165 2181 1343 2263 legit,
1390 2180 1661 2263 requirit
1702 2180 1747 2245 h
1788 2199 1958 2265 spes,

587 2296 739 2382 Non¹
775 2292 1028 2360 deridet
1071 2310 1294 2375 eques,
1342 2289 1522 2358 tenet
1565 2300 1840 2371 senator,

586 2405 843 2472 Laudat
887 2403 1267 2482 causidicus,
1314 2412 1509 2488 poeta
1553 2406 1776 2488 carpit,

581 2521 844 2603 Propter
886 2524 951 2582 te
995 2516 1163 2599 perit
1198 2553 1291 2628 Ε
1344 2515 1465 2580 hoc
1508 2516 1800 2596 Labulle,
1849 2536 2072 2582 verum
2118 2524 2217 2583 est
2259 2522 2388 2582 -ῗ

469 2639 539 2694 10
586 2632 725 2696 Hoc
769 2630 1110 2712 quisquam
1153 2626 1361 2692 ferat?
1404 2633 1475 2691 ut
1517 2627 1638 2692 tibi
1682 2633 1934 2693 tuorum

585 2741 685 2808 Sit
728 2742 932 2806 maior
974 2756 1277 2805 numerus
1322 2738 1771 2822 togatulorum,

587 2854 923 2919 Librorum
966 2850 1127 2916 mihi
1170 2851 1257 2914 sit
1298 2850 1506 2915 minor
1547 2854 1878 2915 meorum?

585 2965 883 3048 Triginta
924 2982 1126 3048 prope
1170 2963 1302 3026 iam
1347 2959 1577 3026 diebus
1623 2982 1755 3026 una
1800 2971 1899 3029 est

587 3076 790 3142 Nobis
835 3076 1078 3161 pagina
1121 3075 1231 3140 vix
1273 3079 1557 3158 peracta.
1636 3072 1746 3138 Sic
1789 3071 1878 3153 fit,

467 3197 538 3251 15
585 3189 745 3254 Cum
789 3207 1020 3254 cenare
1065 3186 1237 3252 domi
1282 3194 1477 3270 poeta
1517 3205 1645 3251 non
1689 3185 1852 3251 vult.
2034 3200 2104 3272 7,
2145 3171 2316 3272 35(

1434 3332 1643 3398 XXV.

586 3445 711 3510 Illa
754 3444 943 3509 salax
986 3445 1253 3509 nimium
1297 3463 1418 3509 nec
1459 3444 1687 3528 paucis
1729 3450 1886 3508 nota
1928 3445 2164 3528 puellis

674 3555 864 3621 Stare
906 3555 1069 3621 Lino
1114 3554 1285 3621 desit
1327 3554 1633 3621 mentula.
1711 3555 1982 3639 Lingua,
2032 3575 2209 3621 cave.
2284 3571 2505 3656 ‹zqffl

621 3725 810 3781 XXIV
845 3730 894 3781 9.
954 3726 1104 3795 perit
1134 3756 1204 3766 —
1246 3726 1357 3781 hoc
1404 3725 1643 3782 Labulle
1691 3741 1883 3782 verum
1927 3733 2016 3782 est
2050 3733 2155 3781 -9
2200 3728 2441 3783 Gilbert⁴
2475 3747 2539 3799 p.
2580 3738 2681 3786 219

417 3813 602 3880 perit?
624 3813 676 3867 h.
704 3812 764 3866 L.
788 3829 841 3867 v.
869 3817 995 3867 est?
1014 3813 1153 3865 Sclm
1198 3811 1381 3868 ferat?
1404 3818 1470 3867 ut
1499 3812 1710 3866 Gilbert
1769 3810 1929 3877 ferat,
1948 3819 2016 3869 ut
2035 3814 2175 3867 θελοι
2248 3816 2327 3868 14.
2363 3813 2493 3882 fitffl
2532 3815 2608 3871 sit
2635 3818 2682 3877 Q

415 3903 505 3953 cst
527 3898 679 3951 EFm
755 3900 836 3950 15.
874 3904 1045 3965 poeta
1078 3913 1194 3952 non
1229 3899 1354 3952 vult
1397 3901 1602 3951 Gruter
1670 3914 1785 3953 non
1819 3897 1946 3954 vult
1979 3905 2155 3967 poeta
2190 3901 2335 3954 codd.
2371 3901 2606 3964 (QEF).

553 4033 743 4089 XXIV
783 4037 932 4090 1—3.
973 4033 1253 4090 Pflichten
1287 4035 1388 4090 der
1422 4032 1702 4091 Clienten.
1769 4033 1859 4091 SG
1895 4036 1923 4089 1
1960 4039 2078 4092 340.

552 4125 603 4175 4.
645 4121 886 4176 Labulle.
949 4119 1125 4176 Name
1169 4121 1325 4177 eines
1372 4121 1465 4177 die
1512 4120 1855 4191 Ansprflche
1899 4122 2001 4178 des
2048 4122 2313 4178 Dichters
2377 4122 2539 4178 nicht
2586 4123 2682 4179 be·

419 4207 811 4278 friedigenden
843 4207 1086 4263 Patrons
1120 4209 1267 4264 auch
1305 4207 1416 4262 XII
1454 4210 1535 4272 36,
1572 4211 1620 4260 5.

558 4297 634 4347 11.
673 4296 1043 4366 toqatulorum.
1107 4294 1188 4349 Zu
1222 4295 1278 4349 X
1313 4297 1395 4359 74,
1434 4297 1483 4347 3.
1703 4297 1783 4348 15.
1824 4313 2013 4349 cenare
2046 4294 2203 4349 domi.
2267 4293 2350 4349 Zu
2384 4295 2442 4348 ΙΙ
2483 4298 2560 4361 11,
2601 4299 2679 4350 10.

553 4379 731 4434 XXV.
770 4379 852 4434 Zu
886 4379 968 4436 VI
1004 4381 1085 4444 26,
1122 4383 1170 4434 3.
1241 4382 1290 4435 2.
1326 4380 1480 4435 desit.
1543 4379 1626 4435 Zu
1662 4379 1739 4450 Sp
1784 4385 1864 4445 16,
1909 4386 1953 4436 1.
