<?xml version="1.0" encoding="UTF-8"?>
<!DOCTYPE html PUBLIC "-//W3C//DTD XHTML 1.0 Transitional//EN"
    "http://www.w3.org/TR/xhtml1/DTD/xhtml1-transitional.dtd">
<html xmlns="http://www.w3.org/1999/xhtml" xml:lang="en" lang="en">
 <head>
  <title>
</title>
<meta http-equiv="Content-Type" content="text/html;charset=utf-8" />
  <meta name='ocr-system' content='tesseract 3.04.00' />
  <meta name='ocr-capabilities' content='ocr_page ocr_carea ocr_par ocr_line ocrx_word'/>
</head>
<body>
  <div class='ocr_page' id='page_1' title='image "./mvaleriimartial02friegoog_0201.png"; bbox 0 0 3192 5084; ppageno 0'>
   <div class='ocr_carea' id='block_1_1' title="bbox 831 419 2679 492">
    <p class='ocr_par' dir='ltr' id='par_1_1' title="bbox 831 419 2679 492">
     <span class='ocr_line' id='line_1_1' title="bbox 831 419 2679 492; baseline 0.003 -17"><span class='ocrx_word' id='word_1_1' title='bbox 831 421 1293 492; x_wconf 82' lang='lat' dir='ltr'>Epigrammatou</span> <span class='ocrx_word' id='word_1_2' title='bbox 1324 420 1493 477; x_wconf 91' lang='lat' dir='ltr'>Liber</span> <span class='ocrx_word' id='word_1_3' title='bbox 1515 419 1600 475; x_wconf 85' lang='lat' dir='ltr'>XI</span> <span class='ocrx_word' id='word_1_4' title='bbox 1639 421 1805 486; x_wconf 81' lang='lat' dir='ltr'>(editt</span> <span class='ocrx_word' id='word_1_5' title='bbox 1825 419 2136 479; x_wconf 78' lang='lat' dir='ltr'>December</span> <span class='ocrx_word' id='word_1_6' title='bbox 2161 426 2268 487; x_wconf 84' lang='grc'><strong>96).</strong></span> <span class='ocrx_word' id='word_1_7' title='bbox 2554 422 2679 486; x_wconf 84' lang='grc'>195</span> 
     </span>
    </p>
   </div>
   <div class='ocr_carea' id='block_1_2' title="bbox 581 593 2651 825">
    <p class='ocr_par' dir='ltr' id='par_1_2' title="bbox 581 593 2651 825">
     <span class='ocr_line' id='line_1_2' title="bbox 581 593 1985 676; baseline 0 -17"><span class='ocrx_word' id='word_1_8' title='bbox 581 593 668 659; x_wconf 87' lang='lat' dir='ltr'>At</span> <span class='ocrx_word' id='word_1_9' title='bbox 710 600 779 659; x_wconf 88' lang='lat' dir='ltr'>tu</span> <span class='ocrx_word' id='word_1_10' title='bbox 824 593 1087 659; x_wconf 82' lang='lat' dir='ltr'>consilio</span> <span class='ocrx_word' id='word_1_11' title='bbox 1132 593 1413 659; x_wconf 84' lang='lat' dir='ltr'>videaris</span> <span class='ocrx_word' id='word_1_12' title='bbox 1457 600 1530 659; x_wconf 89' lang='lat' dir='ltr'>ut</span> <span class='ocrx_word' id='word_1_13' title='bbox 1572 612 1729 660; x_wconf 80' lang='lat' dir='ltr'>usus</span> <span class='ocrx_word' id='word_1_14' title='bbox 1772 593 1985 676; x_wconf 89' lang='lat' dir='ltr'>amici,</span> 
     </span>
     <span class='ocr_line' id='line_1_3' title="bbox 672 703 2651 825; baseline 0.002 -55"><span class='ocrx_word' id='word_1_15' title='bbox 672 703 781 770; x_wconf 87' lang='lat' dir='ltr'>Sic</span> <span class='ocrx_word' id='word_1_16' title='bbox 822 723 1090 788; x_wconf 87' lang='lat' dir='ltr'>morere,</span> <span class='ocrx_word' id='word_1_17' title='bbox 1139 712 1210 770; x_wconf 87' lang='lat' dir='ltr'>ut</span> <span class='ocrx_word' id='word_1_18' title='bbox 1252 704 1494 771; x_wconf 86' lang='lat' dir='ltr'>factum</span> <span class='ocrx_word' id='word_1_19' title='bbox 1538 712 1605 771; x_wconf 86' lang='lat' dir='ltr'>te</span> <span class='ocrx_word' id='word_1_20' title='bbox 1648 710 1832 790; x_wconf 84' lang='lat' dir='ltr'>putet</span> <span class='ocrx_word' id='word_1_21' title='bbox 1875 723 2020 771; x_wconf 76' lang='lat' dir='ltr'>esse</span> <span class='ocrx_word' id='word_1_22' title='bbox 2064 711 2338 789; x_wconf 86' lang='lat' dir='ltr'>patrem.</span> <span class='ocrx_word' id='word_1_23' title='bbox 2378 708 2651 825; x_wconf 48' lang='lat' dir='ltr'>Is&amp;</span> 
     </span>
    </p>
   </div>
   <div class='ocr_carea' id='block_1_3' title="bbox 383 871 2499 2194">
    <p class='ocr_par' dir='ltr' id='par_1_3' title="bbox 383 871 2499 2194">
     <span class='ocr_line' id='line_1_4' title="bbox 1459 871 1724 964; baseline -0.008 -13"><span class='ocrx_word' id='word_1_24' title='bbox 1459 885 1623 951; x_wconf 90' lang='lat' dir='ltr'><strong>LVI.</strong></span> <span class='ocrx_word' id='word_1_25' title='bbox 1640 871 1724 964; x_wconf 68' lang='lat'>73</span> 
     </span>
     <span class='ocr_line' id='line_1_5' title="bbox 584 993 2447 1080; baseline 0.001 -19"><span class='ocrx_word' id='word_1_26' title='bbox 584 993 772 1074; x_wconf 84' lang='lat' dir='ltr'>Quod</span> <span class='ocrx_word' id='word_1_27' title='bbox 815 996 1080 1061; x_wconf 90' lang='lat' dir='ltr'>nimium</span> <span class='ocrx_word' id='word_1_28' title='bbox 1123 1003 1408 1077; x_wconf 89' lang='lat' dir='ltr'>mortem,</span> <span class='ocrx_word' id='word_1_29' title='bbox 1457 996 1859 1063; x_wconf 80' lang='lat' dir='ltr'>Chaeremon</span> <span class='ocrx_word' id='word_1_30' title='bbox 1902 997 2142 1080; x_wconf 82' lang='lat' dir='ltr'>Stoice,</span> <span class='ocrx_word' id='word_1_31' title='bbox 2188 996 2447 1079; x_wconf 75' lang='lat' dir='ltr'>laudae,</span> 
     </span>
     <span class='ocr_line' id='line_1_6' title="bbox 670 1108 2141 1192; baseline 0 -19"><span class='ocrx_word' id='word_1_32' title='bbox 670 1108 784 1173; x_wconf 78' lang='lat' dir='ltr'>Vis</span> <span class='ocrx_word' id='word_1_33' title='bbox 829 1108 1112 1173; x_wconf 88' lang='lat' dir='ltr'>animum</span> <span class='ocrx_word' id='word_1_34' title='bbox 1155 1108 1348 1174; x_wconf 91' lang='lat' dir='ltr'>mirer</span> <span class='ocrx_word' id='word_1_35' title='bbox 1390 1108 1871 1192; x_wconf 78' lang='lat' dir='ltr'>suspiciamque</span> <span class='ocrx_word' id='word_1_36' title='bbox 1915 1116 2096 1175; x_wconf 87' lang='lat' dir='ltr'>tuum</span> <span class='ocrx_word' id='word_1_37' title='bbox 2109 1112 2141 1173; x_wconf 73' lang='lat' dir='ltr'>‘f</span> 
     </span>
     <span class='ocr_line' id='line_1_7' title="bbox 585 1205 2229 1301; baseline 0.002 -19"><span class='ocrx_word' id='word_1_38' title='bbox 585 1217 771 1284; x_wconf 89' lang='lat' dir='ltr'>Hanc</span> <span class='ocrx_word' id='word_1_39' title='bbox 814 1205 932 1285; x_wconf 66' lang='lat' dir='ltr'>tib‘i</span> <span class='ocrx_word' id='word_1_40' title='bbox 976 1220 1278 1285; x_wconf 81' lang='lat' dir='ltr'>virtutem</span> <span class='ocrx_word' id='word_1_41' title='bbox 1323 1219 1530 1286; x_wconf 86' lang='lat' dir='ltr'>fracta</span> <span class='ocrx_word' id='word_1_42' title='bbox 1571 1219 1731 1285; x_wconf 89' lang='lat' dir='ltr'>facit</span> <span class='ocrx_word' id='word_1_43' title='bbox 1773 1238 2003 1286; x_wconf 78' lang='lat' dir='ltr'>urceus</span> <span class='ocrx_word' id='word_1_44' title='bbox 2046 1238 2229 1301; x_wconf 81' lang='lat' dir='ltr'>anea,</span> 
     </span>
     <span class='ocr_line' id='line_1_8' title="bbox 672 1330 2037 1415; baseline 0.001 -20"><span class='ocrx_word' id='word_1_45' title='bbox 672 1331 757 1395; x_wconf 87' lang='lat' dir='ltr'>Et</span> <span class='ocrx_word' id='word_1_46' title='bbox 797 1332 1000 1398; x_wconf 77' lang='lat' dir='ltr'>tristis</span> <span class='ocrx_word' id='word_1_47' title='bbox 1044 1331 1221 1397; x_wconf 89' lang='lat' dir='ltr'>nullo</span> <span class='ocrx_word' id='word_1_48' title='bbox 1268 1331 1381 1414; x_wconf 91' lang='lat' dir='ltr'>qui</span> <span class='ocrx_word' id='word_1_49' title='bbox 1425 1336 1601 1414; x_wconf 85' lang='lat' dir='ltr'>tepet</span> <span class='ocrx_word' id='word_1_50' title='bbox 1643 1331 1796 1415; x_wconf 85' lang='lat' dir='ltr'>igne</span> <span class='ocrx_word' id='word_1_51' title='bbox 1839 1330 2037 1412; x_wconf 80' lang='lat' dir='ltr'>focus,</span> 
     </span>
     <span class='ocr_line' id='line_1_9' title="bbox 503 1423 2181 1527; baseline 0.004 -24"><span class='ocrx_word' id='word_1_52' title='bbox 503 1448 539 1503; x_wconf 87' lang='lat'>5</span> <span class='ocrx_word' id='word_1_53' title='bbox 586 1442 669 1507; x_wconf 85' lang='lat' dir='ltr'>Et</span> <span class='ocrx_word' id='word_1_54' title='bbox 711 1423 895 1526; x_wconf 78' lang='lat' dir='ltr'>teges</span> <span class='ocrx_word' id='word_1_55' title='bbox 941 1449 1006 1508; x_wconf 88' lang='lat' dir='ltr'>et</span> <span class='ocrx_word' id='word_1_56' title='bbox 1049 1443 1257 1508; x_wconf 82' lang='lat' dir='ltr'>cimex</span> <span class='ocrx_word' id='word_1_57' title='bbox 1300 1450 1366 1508; x_wconf 87' lang='lat' dir='ltr'>et</span> <span class='ocrx_word' id='word_1_58' title='bbox 1408 1440 1564 1507; x_wconf 85' lang='lat' dir='ltr'>nudi</span> <span class='ocrx_word' id='word_1_59' title='bbox 1608 1440 1858 1527; x_wconf 80' lang='lat' dir='ltr'>sponda</span> <span class='ocrx_word' id='word_1_60' title='bbox 1907 1429 2181 1527; x_wconf 82' lang='lat' dir='ltr'>grabati,</span> 
     </span>
     <span class='ocr_line' id='line_1_10' title="bbox 674 1551 2257 1637; baseline 0 -20"><span class='ocrx_word' id='word_1_61' title='bbox 674 1553 759 1617; x_wconf 84' lang='lat' dir='ltr'>Et</span> <span class='ocrx_word' id='word_1_62' title='bbox 799 1554 1015 1620; x_wconf 84' lang='lat' dir='ltr'>brevis</span> <span class='ocrx_word' id='word_1_63' title='bbox 1062 1559 1257 1636; x_wconf 87' lang='lat' dir='ltr'>atque</span> <span class='ocrx_word' id='word_1_64' title='bbox 1302 1551 1531 1619; x_wconf 86' lang='lat' dir='ltr'>eadem</span> <span class='ocrx_word' id='word_1_65' title='bbox 1576 1559 1763 1619; x_wconf 86' lang='lat' dir='ltr'>nocte</span> <span class='ocrx_word' id='word_1_66' title='bbox 1806 1552 2044 1635; x_wconf 85' lang='lat' dir='ltr'>dieque</span> <span class='ocrx_word' id='word_1_67' title='bbox 2087 1560 2257 1637; x_wconf 78' lang='lat' dir='ltr'>toga.</span> 
     </span>
     <span class='ocr_line' id='line_1_11' title="bbox 588 1661 2499 1749; baseline 0.001 -20"><span class='ocrx_word' id='word_1_68' title='bbox 588 1661 644 1729; x_wconf 92' lang='lat' dir='ltr'>O</span> <span class='ocrx_word' id='word_1_69' title='bbox 690 1683 883 1746; x_wconf 89' lang='lat' dir='ltr'>quam</span> <span class='ocrx_word' id='word_1_70' title='bbox 927 1682 1201 1749; x_wconf 83' lang='lat' dir='ltr'>magnus</span> <span class='ocrx_word' id='word_1_71' title='bbox 1243 1663 1431 1730; x_wconf 90' lang='lat' dir='ltr'>homo</span> <span class='ocrx_word' id='word_1_72' title='bbox 1477 1683 1567 1746; x_wconf 82' lang='lat' dir='ltr'>cs,</span> <span class='ocrx_word' id='word_1_73' title='bbox 1616 1665 1727 1747; x_wconf 91' lang='lat' dir='ltr'>qui</span> <span class='ocrx_word' id='word_1_74' title='bbox 1771 1663 1955 1730; x_wconf 87' lang='lat' dir='ltr'>faece</span> <span class='ocrx_word' id='word_1_75' title='bbox 1995 1664 2285 1730; x_wconf 80' lang='lat' dir='ltr'>rubentis</span> <span class='ocrx_word' id='word_1_76' title='bbox 2331 1665 2499 1731; x_wconf 87' lang='lat' dir='ltr'>aceti</span> 
     </span>
     <span class='ocr_line' id='line_1_12' title="bbox 673 1775 2109 1904; baseline 0.001 -65"><span class='ocrx_word' id='word_1_77' title='bbox 673 1775 757 1840; x_wconf 88' lang='lat' dir='ltr'>Et</span> <span class='ocrx_word' id='word_1_78' title='bbox 800 1775 1041 1861; x_wconf 78' lang='lat' dir='ltr'>stipula</span> <span class='ocrx_word' id='word_1_79' title='bbox 1084 1782 1150 1841; x_wconf 87' lang='lat' dir='ltr'>et</span> <span class='ocrx_word' id='word_1_80' title='bbox 1191 1775 1376 1859; x_wconf 84' lang='lat' dir='ltr'>nigro</span> <span class='ocrx_word' id='word_1_81' title='bbox 1421 1795 1590 1860; x_wconf 89' lang='lat' dir='ltr'>pane</span> <span class='ocrx_word' id='word_1_82' title='bbox 1636 1794 1857 1842; x_wconf 90' lang='lat' dir='ltr'>carere</span> <span class='ocrx_word' id='word_1_83' title='bbox 1902 1779 2109 1904; x_wconf 55' lang='lat' dir='ltr'>pptes!</span> 
     </span>
     <span class='ocr_line' id='line_1_13' title="bbox 589 1886 2235 1971; baseline 0.002 -20"><span class='ocrx_word' id='word_1_84' title='bbox 589 1886 870 1951; x_wconf 89' lang='lat' dir='ltr'>Leuconi</span> <span class='ocrx_word' id='word_1_85' title='bbox 912 1887 966 1952; x_wconf 80' lang='lat' dir='ltr'>&#39;e</span> <span class='ocrx_word' id='word_1_86' title='bbox 1010 1886 1291 1971; x_wconf 84' lang='lat' dir='ltr'>agedum</span> <span class='ocrx_word' id='word_1_87' title='bbox 1335 1895 1581 1954; x_wconf 86' lang='lat' dir='ltr'>tumeat</span> <span class='ocrx_word' id='word_1_88' title='bbox 1625 1887 1744 1953; x_wconf 87' lang='lat' dir='ltr'>tibi</span> <span class='ocrx_word' id='word_1_89' title='bbox 1790 1889 2022 1954; x_wconf 74' lang='lat' dir='ltr'>culcita</span> <span class='ocrx_word' id='word_1_90' title='bbox 2063 1886 2235 1954; x_wconf 79' lang='lat' dir='ltr'>lanis</span> 
     </span>
     <span class='ocr_line' id='line_1_14' title="bbox 383 1960 2184 2106; baseline 0.003 -45"><span class='ocrx_word' id='word_1_91' title='bbox 383 2005 390 2012; x_wconf 82' lang='grc'><em>·</em></span> <span class='ocrx_word' id='word_1_92' title='bbox 469 2004 541 2061; x_wconf 85' lang='lat'>10</span> <span class='ocrx_word' id='word_1_93' title='bbox 661 1996 844 2064; x_wconf 73' lang='lat' dir='ltr'>-Conn</span> <span class='ocrx_word' id='word_1_94' title='bbox 974 2007 1216 2083; x_wconf 83' lang='lat' dir='ltr'>gatque</span> <span class='ocrx_word' id='word_1_95' title='bbox 1259 2005 1403 2065; x_wconf 78' lang='lat' dir='ltr'>tuoe</span> <span class='ocrx_word' id='word_1_96' title='bbox 1447 2019 1734 2084; x_wconf 87' lang='lat' dir='ltr'>purpura</span> <span class='ocrx_word' id='word_1_97' title='bbox 1777 1960 1950 2106; x_wconf 52' lang='lat' dir='ltr'>&amp;iz-a</span> <span class='ocrx_word' id='word_1_98' title='bbox 1993 2006 2184 2080; x_wconf 65' lang='lat' dir='ltr'>toron,</span> 
     </span>
     <span class='ocr_line' id='line_1_15' title="bbox 588 2109 2494 2194; baseline 0.003 -21"><span class='ocrx_word' id='word_1_99' title='bbox 588 2109 882 2175; x_wconf 87' lang='lat' dir='ltr'>Dormiat</span> <span class='ocrx_word' id='word_1_100' title='bbox 924 2116 990 2175; x_wconf 87' lang='lat' dir='ltr'>et</span> <span class='ocrx_word' id='word_1_101' title='bbox 1032 2117 1262 2191; x_wconf 87' lang='lat' dir='ltr'>tecum,</span> <span class='ocrx_word' id='word_1_102' title='bbox 1307 2109 1497 2192; x_wconf 70' lang='lat' dir='ltr'>modo</span> <span class='ocrx_word' id='word_1_103' title='bbox 1543 2112 1672 2194; x_wconf 90' lang='lat' dir='ltr'>qui,</span> <span class='ocrx_word' id='word_1_104' title='bbox 1722 2109 1872 2176; x_wconf 88' lang='lat' dir='ltr'>dum</span> <span class='ocrx_word' id='word_1_105' title='bbox 1921 2110 2224 2178; x_wconf 86' lang='lat' dir='ltr'>Caecuba</span> <span class='ocrx_word' id='word_1_106' title='bbox 2264 2110 2494 2179; x_wconf 78' lang='lat' dir='ltr'>miscet</span> 
     </span>
    </p>
   </div>
   <div class='ocr_carea' id='block_1_4' title="bbox 427 2232 838 2241">
    <p class='ocr_par' dir='ltr' id='par_1_4' title="bbox 427 2232 838 2241">
     <span class='ocr_line' id='line_1_16' title="bbox 427 2232 838 2241; baseline 0 2843"><span class='ocrx_word' id='word_1_107' title='bbox 427 2232 838 2241; x_wconf 95' lang='lat' dir='ltr'> </span> 
     </span>
    </p>
   </div>
   <div class='ocr_carea' id='block_1_5' title="bbox 416 2280 2691 2605">
    <p class='ocr_par' dir='ltr' id='par_1_5' title="bbox 416 2280 2691 2605">
     <span class='ocr_line' id='line_1_17' title="bbox 550 2280 2684 2355; baseline 0.001 -21"><span class='ocrx_word' id='word_1_108' title='bbox 550 2280 680 2336; x_wconf 89' lang='lat' dir='ltr'>LVI</span> <span class='ocrx_word' id='word_1_109' title='bbox 725 2283 774 2337; x_wconf 83' lang='lat'>2.</span> <span class='ocrx_word' id='word_1_110' title='bbox 830 2286 1026 2337; x_wconf 69' lang='lat' dir='ltr'>tuum?</span> <span class='ocrx_word' id='word_1_111' title='bbox 1059 2281 1204 2335; x_wconf 84' lang='lat' dir='ltr'>Frdl</span> <span class='ocrx_word' id='word_1_112' title='bbox 1242 2281 1451 2337; x_wconf 65' lang='lat' dir='ltr'>aubert</span> <span class='ocrx_word' id='word_1_113' title='bbox 1542 2287 1701 2337; x_wconf 87' lang='lat' dir='ltr'>tuum</span> <span class='ocrx_word' id='word_1_114' title='bbox 1738 2283 1878 2337; x_wconf 78' lang='lat' dir='ltr'>Sclm</span> <span class='ocrx_word' id='word_1_115' title='bbox 2019 2284 2101 2335; x_wconf 87' lang='lat'>11.</span> <span class='ocrx_word' id='word_1_116' title='bbox 2150 2284 2320 2339; x_wconf 86' lang='lat' dir='ltr'>modo</span> <span class='ocrx_word' id='word_1_117' title='bbox 2376 2283 2502 2355; x_wconf 88' lang='lat' dir='ltr'>qui,</span> <span class='ocrx_word' id='word_1_118' title='bbox 2549 2284 2684 2338; x_wconf 85' lang='lat' dir='ltr'>dum</span> 
     </span>
     <span class='ocr_line' id='line_1_18' title="bbox 425 2365 2691 2438; baseline 0.002 -19"><span class='ocrx_word' id='word_1_119' title='bbox 425 2368 640 2420; x_wconf 80' lang='lat' dir='ltr'>Gronov</span> <span class='ocrx_word' id='word_1_120' title='bbox 667 2367 793 2420; x_wconf 76' lang='lat' dir='ltr'>Hm</span> <span class='ocrx_word' id='word_1_121' title='bbox 867 2368 965 2438; x_wconf 93' lang='lat' dir='ltr'>qui</span> <span class='ocrx_word' id='word_1_122' title='bbox 1002 2384 1128 2423; x_wconf 90' lang='lat' dir='ltr'>cum</span> <span class='ocrx_word' id='word_1_123' title='bbox 1163 2369 1333 2423; x_wconf 85' lang='lat' dir='ltr'>modo</span> <span class='ocrx_word' id='word_1_124' title='bbox 1369 2365 1638 2423; x_wconf 83' lang='lat' dir='ltr'>Caecuba</span> <span class='ocrx_word' id='word_1_125' title='bbox 1671 2368 1874 2425; x_wconf 78' lang='lat' dir='ltr'>miscet</span> <span class='ocrx_word' id='word_1_126' title='bbox 1914 2368 2060 2431; x_wconf 73' lang='lat' dir='ltr'>QFm</span> <span class='ocrx_word' id='word_1_127' title='bbox 2089 2369 2230 2423; x_wconf 76' lang='lat' dir='ltr'>Selm</span> <span class='ocrx_word' id='word_1_128' title='bbox 2321 2368 2528 2426; x_wconf 77' lang='lat' dir='ltr'>misces</span> <span class='ocrx_word' id='word_1_129' title='bbox 2564 2369 2691 2423; x_wconf 84' lang='lat' dir='ltr'>EX</span> 
     </span>
     <span class='ocr_line' id='line_1_19' title="bbox 416 2451 2683 2525; baseline 0.002 -21"><span class='ocrx_word' id='word_1_130' title='bbox 416 2451 586 2507; x_wconf 76' lang='lat' dir='ltr'>ABG</span> <span class='ocrx_word' id='word_1_131' title='bbox 666 2452 908 2509; x_wconf 72' lang='lat' dir='ltr'>miscens</span> <span class='ocrx_word' id='word_1_132' title='bbox 933 2454 1083 2523; x_wconf 77' lang='lat' dir='ltr'>prV</span> <span class='ocrx_word' id='word_1_133' title='bbox 1155 2453 1253 2523; x_wconf 89' lang='lat' dir='ltr'>qui</span> <span class='ocrx_word' id='word_1_134' title='bbox 1288 2453 1583 2509; x_wconf 86' lang='lat' dir='ltr'>commodo</span> <span class='ocrx_word' id='word_1_135' title='bbox 1623 2452 1891 2512; x_wconf 84' lang='lat' dir='ltr'>Caecuba</span> <span class='ocrx_word' id='word_1_136' title='bbox 1931 2454 2177 2511; x_wconf 78' lang='lat' dir='ltr'>miscens</span> <span class='ocrx_word' id='word_1_137' title='bbox 2215 2454 2518 2510; x_wconf 73' lang='lat' dir='ltr'>Schmicdcr</span> <span class='ocrx_word' id='word_1_138' title='bbox 2587 2453 2683 2525; x_wconf 89' lang='lat' dir='ltr'>qui</span> 
     </span>
     <span class='ocr_line' id='line_1_20' title="bbox 418 2536 1795 2605; baseline 0.001 -14"><span class='ocrx_word' id='word_1_139' title='bbox 418 2538 720 2593; x_wconf 81' lang='lat' dir='ltr'>commoda</span> <span class='ocrx_word' id='word_1_140' title='bbox 756 2536 913 2603; x_wconf 85' lang='lat' dir='ltr'><strong>(XIII</strong></span> <span class='ocrx_word' id='word_1_141' title='bbox 951 2541 1064 2605; x_wconf 89' lang='grc'><strong>119,</strong></span> <span class='ocrx_word' id='word_1_142' title='bbox 1103 2541 1151 2604; x_wconf 82' lang='lat'>2)</span> <span class='ocrx_word' id='word_1_143' title='bbox 1189 2537 1252 2594; x_wconf 89' lang='lat' dir='ltr'>C.</span> <span class='ocrx_word' id='word_1_144' title='bbox 1291 2539 1533 2596; x_wconf 70' lang='lat' dir='ltr'>miscens</span> <span class='ocrx_word' id='word_1_145' title='bbox 1568 2538 1795 2594; x_wconf 77' lang='lat' dir='ltr'>Gilbert.</span> 
     </span>
    </p>
   </div>
   <div class='ocr_carea' id='block_1_6' title="bbox 427 2645 839 2654">
    <p class='ocr_par' dir='ltr' id='par_1_6' title="bbox 427 2645 839 2654">
     <span class='ocr_line' id='line_1_21' title="bbox 427 2645 839 2654; baseline 0 0"><span class='ocrx_word' id='word_1_146' title='bbox 427 2645 839 2654; x_wconf 95' lang='lat' dir='ltr'> </span> 
     </span>
    </p>
   </div>
   <div class='ocr_carea' id='block_1_7' title="bbox 419 2691 2689 2850">
    <p class='ocr_par' dir='ltr' id='par_1_7' title="bbox 419 2691 2689 2850">
     <span class='ocr_line' id='line_1_22' title="bbox 555 2691 2689 2768; baseline 0.001 -22"><span class='ocrx_word' id='word_1_147' title='bbox 555 2691 685 2748; x_wconf 87' lang='lat' dir='ltr'>LVI</span> <span class='ocrx_word' id='word_1_148' title='bbox 718 2694 770 2748; x_wconf 80' lang='lat'>4.</span> <span class='ocrx_word' id='word_1_149' title='bbox 823 2691 947 2749; x_wconf 89' lang='lat' dir='ltr'>Tib.</span> <span class='ocrx_word' id='word_1_150' title='bbox 982 2692 1013 2747; x_wconf 95' lang='lat'>1</span> <span class='ocrx_word' id='word_1_151' title='bbox 1052 2695 1097 2758; x_wconf 89' lang='lat'>1,</span> <span class='ocrx_word' id='word_1_152' title='bbox 1124 2695 1156 2746; x_wconf 86' lang='grc'>6</span> <span class='ocrx_word' id='word_1_153' title='bbox 1188 2692 1381 2749; x_wconf 85' lang='lat' dir='ltr'>luceat</span> <span class='ocrx_word' id='word_1_154' title='bbox 1413 2693 1547 2763; x_wconf 78' lang='lat' dir='ltr'>igue</span> <span class='ocrx_word' id='word_1_155' title='bbox 1584 2692 1770 2749; x_wconf 78' lang='lat' dir='ltr'>focus.</span> <span class='ocrx_word' id='word_1_156' title='bbox 1861 2696 1911 2745; x_wconf 77' lang='grc'><strong>4.</strong></span> <span class='ocrx_word' id='word_1_157' title='bbox 1949 2697 1999 2747; x_wconf 86' lang='grc'><strong>5.</strong></span> <span class='ocrx_word' id='word_1_158' title='bbox 2040 2692 2245 2749; x_wconf 83' lang='lat' dir='ltr'>Catull.</span> <span class='ocrx_word' id='word_1_159' title='bbox 2284 2695 2367 2759; x_wconf 80' lang='lat'>23,</span> <span class='ocrx_word' id='word_1_160' title='bbox 2397 2695 2443 2746; x_wconf 92' lang='lat'>1.</span> <span class='ocrx_word' id='word_1_161' title='bbox 2485 2696 2516 2746; x_wconf 86' lang='lat'><strong>2</strong></span> <span class='ocrx_word' id='word_1_162' title='bbox 2552 2693 2689 2768; x_wconf 85' lang='lat' dir='ltr'>Furi</span> 
     </span>
     <span class='ocr_line' id='line_1_23' title="bbox 419 2778 2683 2850; baseline 0.001 -17"><span class='ocrx_word' id='word_1_163' title='bbox 419 2778 554 2850; x_wconf 84' lang='lat' dir='ltr'>quoi</span> <span class='ocrx_word' id='word_1_164' title='bbox 587 2792 772 2848; x_wconf 86' lang='lat' dir='ltr'>neque</span> <span class='ocrx_word' id='word_1_165' title='bbox 826 2792 1024 2835; x_wconf 75' lang='lat' dir='ltr'>servus</span> <span class='ocrx_word' id='word_1_166' title='bbox 1068 2785 1158 2835; x_wconf 75' lang='lat' dir='ltr'>cet</span> <span class='ocrx_word' id='word_1_167' title='bbox 1199 2794 1383 2849; x_wconf 86' lang='lat' dir='ltr'>neque</span> <span class='ocrx_word' id='word_1_168' title='bbox 1430 2795 1578 2845; x_wconf 86' lang='lat' dir='ltr'>arca,</span> <span class='ocrx_word' id='word_1_169' title='bbox 1619 2778 1739 2835; x_wconf 81' lang='lat' dir='ltr'>Nec</span> <span class='ocrx_word' id='word_1_170' title='bbox 1776 2778 1957 2835; x_wconf 86' lang='lat' dir='ltr'>cimex</span> <span class='ocrx_word' id='word_1_171' title='bbox 1990 2793 2175 2849; x_wconf 89' lang='lat' dir='ltr'>ueque</span> <span class='ocrx_word' id='word_1_172' title='bbox 2221 2793 2465 2836; x_wconf 76' lang='lat' dir='ltr'>araneus</span> <span class='ocrx_word' id='word_1_173' title='bbox 2498 2793 2683 2849; x_wconf 87' lang='lat' dir='ltr'>neque</span> 
     </span>
    </p>
   </div>
   <div class='ocr_carea' id='block_1_8' title="bbox 421 2863 588 2934">
    <p class='ocr_par' dir='ltr' id='par_1_8' title="bbox 421 2863 588 2934">
     <span class='ocr_line' id='line_1_24' title="bbox 421 2863 588 2934; baseline 0.012 -16"><span class='ocrx_word' id='word_1_174' title='bbox 421 2863 588 2934; x_wconf 78' lang='lat' dir='ltr'>iguis.</span> 
     </span>
    </p>
   </div>
   <div class='ocr_carea' id='block_1_9' title="bbox 421 3018 2689 3264">
    <p class='ocr_par' dir='ltr' id='par_1_9' title="bbox 421 3018 2689 3264">
     <span class='ocr_line' id='line_1_25' title="bbox 558 3018 2688 3090; baseline 0.001 -17"><span class='ocrx_word' id='word_1_175' title='bbox 558 3019 700 3076; x_wconf 90' lang='lat' dir='ltr'><strong>LVI.</strong></span> <span class='ocrx_word' id='word_1_176' title='bbox 760 3018 1025 3076; x_wconf 79' lang='lat' dir='ltr'>Vinceut.</span> <span class='ocrx_word' id='word_1_177' title='bbox 1064 3018 1286 3076; x_wconf 82' lang='lat' dir='ltr'>Bellov.</span> <span class='ocrx_word' id='word_1_178' title='bbox 1313 3018 1409 3090; x_wconf 88' lang='lat' dir='ltr'>Sp.</span> <span class='ocrx_word' id='word_1_179' title='bbox 1434 3021 1490 3075; x_wconf 84' lang='lat' dir='ltr'>d.</span> <span class='ocrx_word' id='word_1_180' title='bbox 1520 3018 1603 3075; x_wconf 89' lang='lat' dir='ltr'>VI</span> <span class='ocrx_word' id='word_1_181' title='bbox 1632 3022 1723 3073; x_wconf 87' lang='lat'>111</span> <span class='ocrx_word' id='word_1_182' title='bbox 1769 3019 1973 3086; x_wconf 78' lang='lat' dir='ltr'>(hinter</span> <span class='ocrx_word' id='word_1_183' title='bbox 1993 3019 2066 3074; x_wconf 76' lang='lat' dir='ltr'>M.</span> <span class='ocrx_word' id='word_1_184' title='bbox 2103 3019 2161 3075; x_wconf 92' lang='lat'>11</span> <span class='ocrx_word' id='word_1_185' title='bbox 2185 3023 2269 3086; x_wconf 90' lang='grc'>80)</span> <span class='ocrx_word' id='word_1_186' title='bbox 2308 3020 2468 3076; x_wconf 83' lang='lat' dir='ltr'>Idem</span> <span class='ocrx_word' id='word_1_187' title='bbox 2505 3019 2688 3088; x_wconf 85' lang='lat' dir='ltr'>,Quod</span> 
     </span>
     <span class='ocr_line' id='line_1_26' title="bbox 421 3104 2689 3172; baseline 0.001 -12"><span class='ocrx_word' id='word_1_188' title='bbox 421 3106 651 3161; x_wconf 89' lang='lat' dir='ltr'>nimium</span> <span class='ocrx_word' id='word_1_189' title='bbox 686 3106 889 3162; x_wconf 79' lang='lat' dir='ltr'>laudas</span> <span class='ocrx_word' id='word_1_190' title='bbox 915 3106 1211 3161; x_wconf 86' lang='lat' dir='ltr'>cheremon</span> <span class='ocrx_word' id='word_1_191' title='bbox 1246 3105 1427 3162; x_wconf 77' lang='lat' dir='ltr'>stoice</span> <span class='ocrx_word' id='word_1_192' title='bbox 1462 3112 1698 3162; x_wconf 86' lang='lat' dir='ltr'>mortem</span> <span class='ocrx_word' id='word_1_193' title='bbox 1736 3109 1807 3172; x_wconf 74' lang='grc' dir='ltr'>(εο</span> <span class='ocrx_word' id='word_1_194' title='bbox 1831 3106 1986 3159; x_wconf 82' lang='lat' dir='ltr'>Fam.</span> <span class='ocrx_word' id='word_1_195' title='bbox 2019 3106 2115 3172; x_wconf 79' lang='lat' dir='ltr'>Ga)</span> <span class='ocrx_word' id='word_1_196' title='bbox 2152 3104 2257 3162; x_wconf 77' lang='lat' dir='ltr'>Vis</span> <span class='ocrx_word' id='word_1_197' title='bbox 2294 3106 2539 3162; x_wconf 84' lang='lat' dir='ltr'>animum</span> <span class='ocrx_word' id='word_1_198' title='bbox 2575 3113 2689 3163; x_wconf 91' lang='lat' dir='ltr'>etc.</span> 
     </span>
     <span class='ocr_line' id='line_1_27' title="bbox 421 3189 1957 3264; baseline -0.002 -16"><span class='ocrx_word' id='word_1_199' title='bbox 421 3221 493 3231; x_wconf 93' lang='lat'>—</span> <span class='ocrx_word' id='word_1_200' title='bbox 528 3197 702 3248; x_wconf 84' lang='lat' dir='ltr'>tuum.</span> <span class='ocrx_word' id='word_1_201' title='bbox 773 3191 937 3248; x_wconf 83' lang='lat' dir='ltr'>Hauc</span> <span class='ocrx_word' id='word_1_202' title='bbox 984 3192 1090 3249; x_wconf 82' lang='lat' dir='ltr'>tibi</span> <span class='ocrx_word' id='word_1_203' title='bbox 1123 3222 1193 3232; x_wconf 92' lang='lat'>—</span> <span class='ocrx_word' id='word_1_204' title='bbox 1226 3189 1392 3247; x_wconf 76' lang='lat' dir='ltr'>focus</span> <span class='ocrx_word' id='word_1_205' title='bbox 1436 3199 1498 3259; x_wconf 84' lang='lat' dir='ltr'>(v.</span> <span class='ocrx_word' id='word_1_206' title='bbox 1537 3200 1708 3250; x_wconf 74' lang='grc'>5-14</span> <span class='ocrx_word' id='word_1_207' title='bbox 1731 3193 1957 3264; x_wconf 74' lang='lat' dir='ltr'>semen).</span> 
     </span>
    </p>
   </div>
   <div class='ocr_carea' id='block_1_10' title="bbox 429 2972 838 2981">
    <p class='ocr_par' dir='ltr' id='par_1_10' title="bbox 429 2972 838 2981">
     <span class='ocr_line' id='line_1_28' title="bbox 429 2972 838 2981; baseline 0 0"><span class='ocrx_word' id='word_1_208' title='bbox 429 2972 838 2981; x_wconf 95' lang='lat' dir='ltr'> </span> 
     </span>
    </p>
   </div>
   <div class='ocr_carea' id='block_1_11' title="bbox 559 3362 1381 3434">
    <p class='ocr_par' dir='ltr' id='par_1_11' title="bbox 559 3362 1381 3434">
     <span class='ocr_line' id='line_1_29' title="bbox 559 3362 1381 3434; baseline -0.002 -14"><span class='ocrx_word' id='word_1_209' title='bbox 559 3364 704 3420; x_wconf 88' lang='lat' dir='ltr'><strong>LVI.</strong></span> <span class='ocrx_word' id='word_1_210' title='bbox 761 3363 893 3434; x_wconf 77' lang='lat' dir='ltr'><strong>Vgl.</strong></span> <span class='ocrx_word' id='word_1_211' title='bbox 931 3362 1023 3420; x_wconf 79' lang='lat' dir='ltr'>SG</span> <span class='ocrx_word' id='word_1_212' title='bbox 1054 3364 1143 3418; x_wconf 90' lang='lat'>111</span> <span class='ocrx_word' id='word_1_213' title='bbox 1178 3364 1294 3430; x_wconf 84' lang='grc'><strong>632,</strong></span> <span class='ocrx_word' id='word_1_214' title='bbox 1331 3367 1381 3418; x_wconf 89' lang='grc'>3.</span> 
     </span>
    </p>
   </div>
   <div class='ocr_carea' id='block_1_12' title="bbox 421 3449 2682 3865">
    <p class='ocr_par' dir='ltr' id='par_1_12' title="bbox 421 3449 2682 3607">
     <span class='ocr_line' id='line_1_30' title="bbox 561 3449 2678 3521; baseline 0.003 -19"><span class='ocrx_word' id='word_1_215' title='bbox 561 3453 604 3502; x_wconf 88' lang='lat' dir='ltr'>l.</span> <span class='ocrx_word' id='word_1_216' title='bbox 671 3451 1002 3506; x_wconf 74' lang='lat' dir='ltr'>Chaeremon.</span> <span class='ocrx_word' id='word_1_217' title='bbox 1066 3449 1183 3505; x_wconf 87' lang='lat' dir='ltr'>Der</span> <span class='ocrx_word' id='word_1_218' title='bbox 1215 3449 1390 3505; x_wconf 84' lang='lat' dir='ltr'>Name</span> <span class='ocrx_word' id='word_1_219' title='bbox 1424 3449 1503 3506; x_wconf 78' lang='lat' dir='ltr'>ist</span> <span class='ocrx_word' id='word_1_220' title='bbox 1535 3449 1648 3505; x_wconf 85' lang='lat' dir='ltr'>wol</span> <span class='ocrx_word' id='word_1_221' title='bbox 1682 3450 1743 3504; x_wconf 86' lang='lat' dir='ltr'>in</span> <span class='ocrx_word' id='word_1_222' title='bbox 1776 3449 2127 3521; x_wconf 81' lang='lat' dir='ltr'>Eriunerung</span> <span class='ocrx_word' id='word_1_223' title='bbox 2161 3467 2236 3506; x_wconf 84' lang='lat' dir='ltr'>an</span> <span class='ocrx_word' id='word_1_224' title='bbox 2276 3451 2388 3509; x_wconf 84' lang='lat' dir='ltr'>deu</span> <span class='ocrx_word' id='word_1_225' title='bbox 2421 3453 2678 3509; x_wconf 84' lang='lat' dir='ltr'>bekann-</span> 
     </span>
     <span class='ocr_line' id='line_1_31' title="bbox 421 3534 2682 3607; baseline 0 -14"><span class='ocrx_word' id='word_1_226' title='bbox 421 3544 520 3593; x_wconf 84' lang='lat' dir='ltr'>teu</span> <span class='ocrx_word' id='word_1_227' title='bbox 554 3535 779 3592; x_wconf 84' lang='lat' dir='ltr'>Stoiker</span> <span class='ocrx_word' id='word_1_228' title='bbox 812 3534 1141 3602; x_wconf 62' lang='lat' dir='ltr'>Chiis-emon,</span> <span class='ocrx_word' id='word_1_229' title='bbox 1174 3535 1421 3591; x_wconf 83' lang='lat' dir='ltr'>welcher</span> <span class='ocrx_word' id='word_1_230' title='bbox 1452 3536 1634 3592; x_wconf 72' lang='lat' dir='ltr'>Neron</span> <span class='ocrx_word' id='word_1_231' title='bbox 1669 3535 1879 3592; x_wconf 88' lang='lat' dir='ltr'>Lehrer</span> <span class='ocrx_word' id='word_1_232' title='bbox 1910 3552 2042 3603; x_wconf 83' lang='lat' dir='ltr'>war,</span> <span class='ocrx_word' id='word_1_233' title='bbox 2078 3537 2344 3607; x_wconf 65' lang='lat' dir='ltr'>gewiihlt.</span> <span class='ocrx_word' id='word_1_234' title='bbox 2397 3536 2489 3594; x_wconf 87' lang='lat' dir='ltr'>SG</span> <span class='ocrx_word' id='word_1_235' title='bbox 2511 3539 2539 3593; x_wconf 94' lang='lat'>1</span> <span class='ocrx_word' id='word_1_236' title='bbox 2562 3541 2682 3594; x_wconf 81' lang='grc'><strong>466.</strong></span> 
     </span>
    </p>

    <p class='ocr_par' dir='ltr' id='par_1_13' title="bbox 560 3620 1537 3688">
     <span class='ocr_line' id='line_1_32' title="bbox 560 3620 1537 3688; baseline -0.001 -13"><span class='ocrx_word' id='word_1_237' title='bbox 560 3625 610 3675; x_wconf 89' lang='grc'>3.</span> <span class='ocrx_word' id='word_1_238' title='bbox 671 3639 861 3676; x_wconf 69' lang='lat' dir='ltr'>urcem</span> <span class='ocrx_word' id='word_1_239' title='bbox 895 3640 1026 3677; x_wconf 72' lang='lat' dir='ltr'>ansa</span> <span class='ocrx_word' id='word_1_240' title='bbox 1060 3645 1124 3669; x_wconf 64' lang='grc' dir='ltr'>ιε</span> <span class='ocrx_word' id='word_1_241' title='bbox 1159 3620 1300 3678; x_wconf 86' lang='lat' dir='ltr'>XIV</span> <span class='ocrx_word' id='word_1_242' title='bbox 1339 3624 1453 3688; x_wconf 86' lang='grc'><strong>106,</strong></span> <span class='ocrx_word' id='word_1_243' title='bbox 1494 3625 1537 3674; x_wconf 88' lang='grc'><strong>1.</strong></span> 
     </span>
    </p>

    <p class='ocr_par' dir='ltr' id='par_1_14' title="bbox 561 3707 1131 3772">
     <span class='ocr_line' id='line_1_33' title="bbox 561 3707 1131 3772; baseline 0.002 -12"><span class='ocrx_word' id='word_1_244' title='bbox 561 3710 716 3762; x_wconf 81' lang='grc'><strong>4-6.</strong></span> <span class='ocrx_word' id='word_1_245' title='bbox 779 3707 860 3763; x_wconf 81' lang='grc' dir='ltr'>Ζιι</span> <span class='ocrx_word' id='word_1_246' title='bbox 892 3707 920 3761; x_wconf 94' lang='lat'>1</span> <span class='ocrx_word' id='word_1_247' title='bbox 956 3709 1041 3772; x_wconf 86' lang='grc'>92,</span> <span class='ocrx_word' id='word_1_248' title='bbox 1081 3711 1131 3761; x_wconf 88' lang='grc'>5.</span> 
     </span>
    </p>

    <p class='ocr_par' dir='ltr' id='par_1_15' title="bbox 562 3792 2668 3865">
     <span class='ocr_line' id='line_1_34' title="bbox 562 3792 2668 3865; baseline 0.002 -18"><span class='ocrx_word' id='word_1_249' title='bbox 562 3795 609 3847; x_wconf 86' lang='grc'><strong>8.</strong></span> <span class='ocrx_word' id='word_1_250' title='bbox 644 3792 862 3862; x_wconf 69' lang='lat' dir='ltr'>stipula.</span> <span class='ocrx_word' id='word_1_251' title='bbox 916 3792 1052 3849; x_wconf 85' lang='lat' dir='ltr'>Wol</span> <span class='ocrx_word' id='word_1_252' title='bbox 1075 3795 1166 3850; x_wconf 84' lang='lat' dir='ltr'>die</span> <span class='ocrx_word' id='word_1_253' title='bbox 1191 3792 1295 3851; x_wconf 84' lang='lat' dir='ltr'>auf</span> <span class='ocrx_word' id='word_1_254' title='bbox 1314 3795 1425 3850; x_wconf 84' lang='lat' dir='ltr'>den</span> <span class='ocrx_word' id='word_1_255' title='bbox 1446 3794 1751 3864; x_wconf 64' lang='lat' dir='ltr'>gemahten</span> <span class='ocrx_word' id='word_1_256' title='bbox 1772 3793 2018 3852; x_wconf 81' lang='lat' dir='ltr'>Feldem</span> <span class='ocrx_word' id='word_1_257' title='bbox 2041 3793 2447 3865; x_wconf 69' lang='lat' dir='ltr'>ausgelesonon</span> <span class='ocrx_word' id='word_1_258' title='bbox 2468 3795 2668 3852; x_wconf 83' lang='lat' dir='ltr'>Halme</span> 
     </span>
    </p>
   </div>
   <div class='ocr_carea' id='block_1_13' title="bbox 421 3878 2683 4020">
    <p class='ocr_par' dir='ltr' id='par_1_16' title="bbox 421 3878 2683 4020">
     <span class='ocr_line' id='line_1_35' title="bbox 421 3878 2683 4020; baseline 0.001 -87"><span class='ocrx_word' id='word_1_259' title='bbox 421 3879 517 3934; x_wconf 78' lang='lat' dir='ltr'>die</span> <span class='ocrx_word' id='word_1_260' title='bbox 552 3879 614 4020; x_wconf 55' lang='grc' dir='ltr'>ξι</span> <span class='ocrx_word' id='word_1_261' title='bbox 646 3878 793 3934; x_wconf 86' lang='lat' dir='ltr'>Rom</span> <span class='ocrx_word' id='word_1_262' title='bbox 826 3895 942 3935; x_wconf 81' lang='lat' dir='ltr'>von</span> <span class='ocrx_word' id='word_1_263' title='bbox 986 3881 1097 3935; x_wconf 86' lang='lat' dir='ltr'>deu</span> <span class='ocrx_word' id='word_1_264' title='bbox 1142 3879 1556 3936; x_wconf 76' lang='lat' dir='ltr'>Aehrenleseru</span> <span class='ocrx_word' id='word_1_265' title='bbox 1600 3896 1675 3935; x_wconf 85' lang='lat' dir='ltr'>an</span> <span class='ocrx_word' id='word_1_266' title='bbox 1718 3894 1869 3937; x_wconf 83' lang='lat' dir='ltr'>arme</span> <span class='ocrx_word' id='word_1_267' title='bbox 1917 3880 2095 3938; x_wconf 80' lang='lat' dir='ltr'>Lente</span> <span class='ocrx_word' id='word_1_268' title='bbox 2141 3879 2408 3937; x_wconf 81' lang='lat' dir='ltr'>verkauft</span> <span class='ocrx_word' id='word_1_269' title='bbox 2443 3882 2683 3937; x_wconf 70' lang='lat' dir='ltr'>werden</span> 
     </span>
     <span class='ocr_line' id='line_1_36' title="bbox 424 3970 708 4020; baseline 0 0"><span class='ocrx_word' id='word_1_270' title='bbox 424 3980 553 4020; x_wconf 86' lang='lat' dir='ltr'>moc</span> <span class='ocrx_word' id='word_1_271' title='bbox 594 3970 708 4020; x_wconf 83' lang='lat' dir='ltr'>ten.</span> 
     </span>
    </p>
   </div>
   <div class='ocr_carea' id='block_1_14' title="bbox 562 4050 1746 4117">
    <p class='ocr_par' dir='ltr' id='par_1_17' title="bbox 562 4050 1746 4117">
     <span class='ocr_line' id='line_1_37' title="bbox 562 4050 1746 4117; baseline 0.002 -12"><span class='ocrx_word' id='word_1_272' title='bbox 562 4054 613 4105; x_wconf 84' lang='lat'>9.</span> <span class='ocrx_word' id='word_1_273' title='bbox 675 4050 990 4105; x_wconf 70' lang='lat' dir='ltr'>Leuconicis</span> <span class='ocrx_word' id='word_1_274' title='bbox 1021 4082 1090 4090; x_wconf 95' lang='lat'><strong>—</strong></span> <span class='ocrx_word' id='word_1_275' title='bbox 1127 4051 1281 4106; x_wconf 66' lang='lat' dir='ltr'>lanis.</span> <span class='ocrx_word' id='word_1_276' title='bbox 1339 4050 1420 4106; x_wconf 88' lang='lat' dir='ltr'>Zu</span> <span class='ocrx_word' id='word_1_277' title='bbox 1455 4050 1536 4105; x_wconf 88' lang='lat' dir='ltr'>XI</span> <span class='ocrx_word' id='word_1_278' title='bbox 1574 4053 1657 4117; x_wconf 82' lang='lat'>21,</span> <span class='ocrx_word' id='word_1_279' title='bbox 1696 4053 1746 4107; x_wconf 82' lang='lat'>8.</span> 
     </span>
    </p>
   </div>
   <div class='ocr_carea' id='block_1_15' title="bbox 423 4136 2694 4292">
    <p class='ocr_par' dir='ltr' id='par_1_18' title="bbox 423 4136 2694 4292">
     <span class='ocr_line' id='line_1_38' title="bbox 567 4136 2694 4209; baseline 0.002 -20"><span class='ocrx_word' id='word_1_280' title='bbox 567 4138 645 4191; x_wconf 85' lang='lat'>10.</span> <span class='ocrx_word' id='word_1_281' title='bbox 696 4153 951 4206; x_wconf 76' lang='lat' dir='ltr'>purpura</span> <span class='ocrx_word' id='word_1_282' title='bbox 979 4154 1138 4206; x_wconf 75' lang='lat' dir='ltr'>pexa.</span> <span class='ocrx_word' id='word_1_283' title='bbox 1199 4136 1267 4193; x_wconf 92' lang='lat' dir='ltr'>D.</span> <span class='ocrx_word' id='word_1_284' title='bbox 1287 4137 1344 4192; x_wconf 83' lang='lat' dir='ltr'>h.</span> <span class='ocrx_word' id='word_1_285' title='bbox 1371 4143 1563 4194; x_wconf 78' lang='lat' dir='ltr'>vestes</span> <span class='ocrx_word' id='word_1_286' title='bbox 1600 4136 1887 4209; x_wconf 77' lang='lat' dir='ltr'>stragulae</span> <span class='ocrx_word' id='word_1_287' title='bbox 1926 4137 2267 4209; x_wconf 71' lang='lat' dir='ltr'>(Marquardt</span> <span class='ocrx_word' id='word_1_288' title='bbox 2288 4136 2401 4193; x_wconf 86' lang='lat' dir='ltr'>Prl.</span> <span class='ocrx_word' id='word_1_289' title='bbox 2429 4139 2549 4201; x_wconf 85' lang='grc'><strong>703)</strong></span> <span class='ocrx_word' id='word_1_290' title='bbox 2583 4152 2694 4192; x_wconf 77' lang='lat' dir='ltr'>aue</span> 
     </span>
     <span class='ocr_line' id='line_1_39' title="bbox 423 4220 1391 4292; baseline -0.003 -14"><span class='ocrx_word' id='word_1_291' title='bbox 423 4220 817 4292; x_wconf 79' lang='lat' dir='ltr'>Purpurwolle</span> <span class='ocrx_word' id='word_1_292' title='bbox 859 4226 929 4289; x_wconf 85' lang='lat' dir='ltr'>(a.</span> <span class='ocrx_word' id='word_1_293' title='bbox 972 4238 1024 4277; x_wconf 88' lang='lat' dir='ltr'>a.</span> <span class='ocrx_word' id='word_1_294' title='bbox 1067 4221 1128 4278; x_wconf 92' lang='grc' dir='ltr'><strong>Ο.</strong></span> <span class='ocrx_word' id='word_1_295' title='bbox 1165 4226 1282 4290; x_wconf 83' lang='lat'><strong>712,</strong></span> <span class='ocrx_word' id='word_1_296' title='bbox 1318 4225 1391 4288; x_wconf 81' lang='grc'><strong>4).</strong></span> 
     </span>
    </p>
   </div>
   <div class='ocr_carea' id='block_1_16' title="bbox 421 4307 2697 4465">
    <p class='ocr_par' dir='ltr' id='par_1_19' title="bbox 421 4307 2697 4465">
     <span class='ocr_line' id='line_1_40' title="bbox 564 4307 2697 4375; baseline 0.002 -14"><span class='ocrx_word' id='word_1_297' title='bbox 564 4312 642 4364; x_wconf 83' lang='grc'><strong>11.</strong></span> <span class='ocrx_word' id='word_1_298' title='bbox 709 4309 962 4365; x_wconf 76' lang='lat' dir='ltr'>Caecuba.</span> <span class='ocrx_word' id='word_1_299' title='bbox 1025 4307 1107 4364; x_wconf 87' lang='lat' dir='ltr'>Zu</span> <span class='ocrx_word' id='word_1_300' title='bbox 1140 4308 1198 4364; x_wconf 88' lang='lat' dir='ltr'>H</span> <span class='ocrx_word' id='word_1_301' title='bbox 1231 4313 1314 4375; x_wconf 84' lang='lat'>40,</span> <span class='ocrx_word' id='word_1_302' title='bbox 1353 4312 1399 4365; x_wconf 87' lang='lat'>5.</span> <span class='ocrx_word' id='word_1_303' title='bbox 1622 4311 1750 4364; x_wconf 77' lang='lat' dir='ltr'>dum</span> <span class='ocrx_word' id='word_1_304' title='bbox 1781 4339 1851 4351; x_wconf 93' lang='lat'>·-</span> <span class='ocrx_word' id='word_1_305' title='bbox 1883 4309 2083 4364; x_wconf 50' lang='lat' dir='ltr'>meoet.</span> <span class='ocrx_word' id='word_1_306' title='bbox 2145 4308 2257 4364; x_wconf 84' lang='lat' dir='ltr'>XII</span> <span class='ocrx_word' id='word_1_307' title='bbox 2292 4312 2379 4374; x_wconf 83' lang='lat'>29,</span> <span class='ocrx_word' id='word_1_308' title='bbox 2422 4310 2479 4362; x_wconf 88' lang='lat'>11</span> <span class='ocrx_word' id='word_1_309' title='bbox 2518 4307 2697 4366; x_wconf 77' lang='lat' dir='ltr'>Attu-</span> 
     </span>
     <span class='ocr_line' id='line_1_41' title="bbox 421 4394 1776 4465; baseline 0.001 -16"><span class='ocrx_word' id='word_1_310' title='bbox 421 4394 569 4452; x_wconf 87' lang='lat' dir='ltr'>lerat</span> <span class='ocrx_word' id='word_1_311' title='bbox 605 4411 871 4465; x_wconf 87' lang='lat' dir='ltr'>mappam</span> <span class='ocrx_word' id='word_1_312' title='bbox 905 4410 1089 4462; x_wconf 88' lang='lat' dir='ltr'>nemo,</span> <span class='ocrx_word' id='word_1_313' title='bbox 1134 4396 1267 4450; x_wconf 85' lang='lat' dir='ltr'>dum</span> <span class='ocrx_word' id='word_1_314' title='bbox 1301 4395 1459 4452; x_wconf 81' lang='lat' dir='ltr'>furta</span> <span class='ocrx_word' id='word_1_315' title='bbox 1492 4396 1776 4452; x_wconf 80' lang='lat' dir='ltr'>timentur.</span> 
     </span>
    </p>
   </div>
   <div class='ocr_carea' id='block_1_17' title="bbox 2182 4501 2294 4552">
    <p class='ocr_par' dir='ltr' id='par_1_20' title="bbox 2182 4501 2294 4552">
     <span class='ocr_line' id='line_1_42' title="bbox 2182 4501 2294 4552; baseline 0 0"><span class='ocrx_word' id='word_1_316' title='bbox 2182 4501 2294 4552; x_wconf 71' lang='lat'>13*</span> 
     </span>
    </p>
   </div>
  </div>
 </body>
</html>
