3192 5084
529 388 654 453 280
1338 383 1407 438 u.
1447 382 1660 438 valerii
1694 369 1988 439 Martialis·

1419 555 1579 620 LIV.
1664 559 1881 619 Perna.

700 669 1050 736 Cerretana
1093 665 1249 731 mihi
1293 665 1407 732 fiat
1451 668 1555 732 vel
1602 666 1801 732 missa
1850 665 2072 733 licebit

783 780 883 845 De
927 778 1256 863 Menapis:
1305 776 1466 844 lauti
1511 775 1594 843 de
1639 784 1947 861 petasone
1993 783 2233 844 vorent.

1414 950 1544 1015 LV.
1636 951 1894 1014 Petaso.

675 1061 983 1127 ‘Musteus
1029 1067 1155 1126 est:
1204 1079 1493 1145 propera,
1542 1079 1727 1127 earos
1771 1080 1891 1127 neo
1935 1058 2124 1126 differ
2169 1060 2424 1126 amieos.

783 1172 951 1237 Nam
994 1171 1151 1237 mihi
1196 1191 1340 1237 eum
1383 1171 1602 1238 vetulo
1647 1172 1732 1238 sit
1775 1178 2085 1257 petasone
2129 1170 2307 1238 nihil.

1403 1335 1572 1401 LVI.
1680 1334 1908 1399 Volva.

699 1446 795 1512 Te
841 1444 1117 1512 fortasse
1160 1445 1369 1530 magis
1414 1446 1630 1530 eapiat
1676 1443 1758 1511 de
1801 1445 2051 1529 virgine
2094 1465 2319 1530 porea3

781 1556 887 1622 Me
931 1563 1223 1622 materna
1265 1557 1453 1640 gravi
1497 1554 1579 1621 de
1626 1575 1742 1622 sue
1785 1555 1979 1622 volva
2023 1558 2211 1640 oapit.

1328 1718 1528 1784 LVII.
1630 1716 1978 1784 Colocasia.

693 1829 1016 1895 Niliacum
1059 1827 1303 1895 ridebis
1345 1828 1532 1895 holus
1576 1830 1890 1913 lanasque
1934 1848 2262 1912 sequaees,

781 1939 1084 2025 Improba
1128 1958 1273 2005 oum
1316 1959 1530 2006 morsu
1573 1938 1685 2006 fila
1728 1960 2051 2024 manuque
2092 1940 2328 2007 trahes.

1183 2100 1415 2166 LVIII.
1507 2103 1696 2166 Iecur
1739 2102 2115 2168 anserinum.

696 2212 951 2296 Aspiee,
999 2232 1194 2295 quam
1238 2218 1481 2278 tumeat
1523 2231 1759 2296 magno
1803 2212 1979 2279 ieeur
2026 2233 2252 2281 ansere
2298 2214 2535 2280 maius!

781 2323 1051 2389 Miratus
1097 2320 1302 2388 dices:
1354 2322 1535 2401 »Hoe,
1583 2343 1762 2407 rogo,
1814 2325 2015 2391 erevit
2059 2324 2169 2391 ubi
2187 2329 2252 2388 i«

1402 2501 1573 2567 LIX.
1673 2503 1906 2568 Glires.

700 2614 865 2679 Tota
907 2611 1064 2677 mihi
1109 2609 1417 2678 dormitur
1457 2612 1666 2680 hiems
1712 2622 1776 2681 et
1819 2615 2116 2699 pinguior
2159 2614 2270 2681 illo

782 2724 1098 2809 Tempore
1144 2742 1304 2802 sum,
1352 2743 1477 2805 quo
1522 2744 1625 2791 me
1670 2725 1762 2790 nil
1807 2726 1932 2790 nisi
1976 2744 2236 2792 somnus
2282 2725 2419 2791 alit.

661 2894 807 2951 LIX.
874 2894 1106 2958 (Aeson.
1143 2893 1378 2963 Ephem.
1415 2897 1444 2945 5
1481 2894 1780 2951 Dormiunt
1812 2894 1984 2965 glires
2032 2895 2262 2951 hiemem
2301 2911 2628 2965 perennem,
2669 2895 2785 2953 Sed

530 2981 658 3038 cibo
694 2982 972 3050 pareunt.)
1045 2979 1128 3034 Id.
1165 2978 1566 3048 Technopaeg.
1614 2983 1691 3044 11,
1729 2984 1760 3033 9
1803 2980 1912 3034 Dio
1949 2987 2217 3045 >cessante
2256 2981 2384 3038 cibo
2423 2998 2620 3038 somno
2659 2984 2792 3053 quis

528 3066 769 3136 opimior
803 3070 928 3121 est?
962 3063 1088 3133 glis.

663 3217 810 3272 LIV.
861 3216 969 3272 Die
1006 3215 1473 3273 Cerretanisohen
1509 3215 1793 3272 Schinken
1846 3233 1949 3274 aus
1996 3217 2108 3271 den
2155 3218 2450 3287 Pyreniien
2501 3220 2794 3282 (Bliimner

530 3302 584 3359 S.
637 3305 750 3367 133)
797 3302 916 3357 und
961 3302 1053 3358 die
1100 3300 1503 3370 Menapisehen
1555 3317 1661 3357 aus
1714 3301 1948 3371 Belgiea
1996 3301 2277 3364 (Bliimner
2323 3301 2380 3358 S.
2438 3307 2548 3368 145)
2589 3306 2794 3362 hatten

528 3404 766 3460 grossen
799 3387 931 3443 Rus.

672 3477 718 3527 1.
769 3473 904 3527 mvn·
920 3477 1062 3546 fiat:
1110 3475 1274 3541 mogo
1311 3472 1414 3526 mir
1447 3471 1688 3527 bereitet
1722 3473 1960 3536 werden,
1998 3473 2104 3528 wie
2140 3473 2362 3530 Petron.
2412 3492 2461 3530 e.
2509 3479 2572 3528 42
2624 3492 2795 3545 quem

525 3590 596 3600 —
639 3574 708 3614 ex
753 3559 837 3613 eis
877 3558 1100 3627 (porois)
1147 3556 1322 3613 vultis
1356 3557 1418 3610 in
1454 3570 1651 3611 eenam
1699 3557 1889 3612 statim
1937 3557 2095 3613 fieri?
2129 3557 2341 3628 gallum
2378 3552 2526 3614 enim
2549 3561 2797 3630 gallina-

530 3660 709 3701 ceum*
737 3673 804 3682 —
851 3644 1050 3700 rustici
1086 3642 1339 3699 faciunt:
1389 3640 1497 3697 mei
1536 3640 1662 3696 coci
1699 3642 1866 3697 etiam
1901 3641 2113 3698 vitulos
2160 3658 2301 3698 aeno
2351 3652 2550 3702 coetos
2602 3646 2798 3703 solent

526 3729 732 3786 faeere.
807 3728 1028 3792 (Licebit
1072 3727 1276 3798 gehurt
1322 3741 1447 3780 zum
1482 3727 1721 3781 zweiten
1757 3724 1980 3781 Gliede:
2044 3727 2180 3783 oder
2223 3729 2633 3801 meinetwegen
2687 3748 2797 3787 aus

527 3817 655 3871 dem
689 3814 1112 3884 Menapierland
1148 3810 1519 3882 geschiekter.
1592 3809 1840 3875 Gilbert).

663 3900 762 3955 LV
800 3903 848 3955 2.
900 3899 1032 3970 Vgl.
1074 3898 1159 3953 111
1195 3900 1275 3961 77,
1319 3899 1350 3948 6
1393 3895 1567 3952 dubio
1606 3896 1676 3950 de
1712 3903 2004 3964 petasone.

665 3984 795 4039 LVI
835 3988 879 4037 1.
927 3984 1135 4055 vir-qino
1161 3999 1332 4051 porca
1369 4003 1430 4026 =
1468 3979 1549 4033 VI
1584 3982 1668 4044 47,
1708 3983 1754 4032 5.
1900 3982 1947 4032 2.
2002 3980 2081 4035 Zu
2116 3980 2227 4035 VII
2252 3984 2333 4047 20,
2376 3986 2454 4037 11.

663 4069 836 4124 LVII.
907 4067 1192 4125 Colocasia.
1263 4064 1343 4119 Zu
1387 4063 1528 4118 VIII
1576 4066 1657 4126 33,
1699 4067 1777 4118 13.
1853 4065 1996 4120 Plin.
2034 4064 2097 4120 N.
2138 4066 2189 4120 h.
2232 4066 2367 4121 XXI
2404 4069 2467 4120 87
2520 4069 2688 4126 ezulo
2724 4101 2799 4111 —

529 4169 804 4211 araneoso
840 4155 900 4209 in
934 4151 1267 4209 mandendo.

664 4239 869 4295 LVIII.
920 4238 1107 4294 Ueber
1142 4231 1486 4290 Giinseleber
1519 4233 1845 4303 Marquardt
1879 4234 1988 4290 Prl.
2026 4234 2080 4289 ΙΙ
2116 4237 2231 4300 415,
2275 4239 2352 4288 10.

666 4322 810 4378 LIX.
868 4324 1062 4377 Glires.
1134 4320 1213 4375 Zu
1249 4317 1335 4372 111
1373 4318 1452 4380 53,
1492 4319 1573 4369 36.
