3192 5084
881 989 977 1073 M.
1031 986 1333 1073 Valerii
1384 987 1779 1071 Martialis
1831 985 2466 1088 Epigrammaton

1473 1195 1665 1257 mser
1707 1196 1856 1259 ΧΠ.

963 1381 1335 1449 Valerius
1379 1379 1786 1447 Martialis
1829 1381 2102 1447 Prisco
2147 1398 2284 1446 suo
2330 1355 2474 1470 SJss

796 1538 942 1604 Scio
1001 1556 1105 1602 me
1163 1536 1586 1621 patrocinium
1634 1535 1871 1602 debere
1927 1535 2528 1603 contumacissimae
2573 1536 2808 1601 trienni

711 1649 1036 1729 desidiam
1094 1666 1221 1731 quo
1277 1646 1681 1713 absolvenda
1732 1668 1861 1714 non
1919 1654 2093 1714 esset
2134 1647 2304 1712 inter
2356 1647 2508 1713 illas
2555 1666 2811 1730 quoque

710 1761 967 1827 urbicas
1035 1759 1516 1843 occupationes,
1588 1760 1823 1843 quibus
1880 1757 2141 1824 facilius
2199 1760 2679 1841 consequimur,
2739 1764 2817 1824 ut

711 1873 966 1939 molesti
1009 1872 1243 1957 potius,
1291 1890 1487 1953 quam
1530 1879 1603 1939 ut
1648 1870 1914 1937 officiosi
1962 1887 2107 1936 csse
2151 1869 2523 1949 videamur3
2571 1867 2810 1935 nedum

630 1993 664 2050 5
711 1986 781 2050 in
807 1984 934 2049 hac
961 1982 1346 2068 provinciali
1388 1981 1754 2062 solitudine,
1786 1981 1896 2047 ubi
1928 1981 2055 2047 nisi
2086 1981 2280 2047 etiam
2311 1981 2821 2065 intemperanter

717 2093 1073 2175 studemus,
1124 2100 1189 2159 et
1232 2094 1374 2158 sine
1404 2094 1646 2159 solacio
1678 2099 1743 2157 et
1773 2094 1915 2158 sine
1945 2093 2361 2159 excusatione
2405 2093 2811 2159 secessimus.

715 2205 956 2289 Accipe
1001 2223 1155 2288 ergo
1200 2204 1533 2268 rationem.
1607 2204 1685 2268 In
1729 2223 1860 2286 qua
1900 2203 2022 2269 hoc
2050 2204 2400 2269 maximum
2434 2211 2500 2269 et
2540 2204 2817 2288 primum

713 2323 842 2397 est,
901 2314 1074 2399 quod
1133 2314 1416 2381 civitatis
1472 2334 1699 2398 aures,
1772 2314 2008 2398 quibus
2064 2332 2510 2397 assueveram,
2574 2274 2821 2424 gfflaero

711 2435 777 2495 et
819 2425 1045 2493 videor
1087 2425 1245 2490 mihi
1290 2426 1360 2490 in
1403 2425 1617 2492 alieno
1662 2426 1799 2493 foro
1842 2426 2127 2510 litigar03
2188 2426 2244 2492 si
2286 2426 2444 2509 quid
2484 2435 2586 2494 cst
2615 2428 2809 2510 enim,

675 2607 741 2662 L.
781 2610 832 2660 2.
872 2622 984 2678 quo
1021 2606 1534 2660 EXABCVSchn
1590 2607 1743 2678 fehlt
1779 2605 1837 2660 in
1862 2606 2025 2669 PQF
2088 2620 2237 2676 quae
2270 2628 2313 2661 ω
2341 2608 2442 2660 Sor
2557 2609 2604 2661 4.
2645 2622 2815 2678 quam

543 2700 611 2751 ut
648 2696 753 2756 PQ
823 2707 990 2762 quam
1028 2691 1157 2745 olma
1197 2696 1265 2746 ut
1298 2690 1474 2746 EFw.

678 2857 798 2913 Das
834 2854 1062 2912 zwolfte
1107 2854 1271 2910 Buch
1315 2854 1510 2910 wurde
1556 2854 1686 2910 dem
1722 2853 2022 2911 Terentius
2058 2855 2287 2913 Priscus
2334 2855 2427 2912 bei
2476 2856 2660 2912 seiner
2692 2856 2811 2912 An·

540 2942 711 3000 kunst
743 2943 805 2998 in
840 2941 1092 3012 Spanien
1125 2941 1202 2995 im
1236 2941 1551 2998 December
1589 2943 1682 2994 101
1740 2941 1908 3006 (nach
1962 2941 2143 2995 einem
2191 2941 2616 3012 sechsjithrigen
2658 2941 2811 2997 Auf-

543 3028 764 3086 enthalt
797 3029 859 3083 in
892 3028 1039 3084 Rom
1062 3026 1173 3081 XII
1196 3029 1278 3093 62,
1299 3030 1346 3091 7)
1389 3026 1726 3092 uberreicht,
1763 3027 1881 3082 und
1918 3026 2179 3096 zugleich
2209 3027 2357 3082 nach
2380 3027 2527 3083 Rom
2549 3029 2809 3098 gesandt.

540 3116 658 3171 Das
693 3130 802 3170 uns
839 3113 1127 3169 erhaltene
1151 3111 1312 3167 Buch
1337 3128 1453 3167 von
1487 3113 1554 3164 98
1588 3112 1988 3182 Epigrammen
2017 3111 2171 3168 kann
2205 3112 2316 3169 wol
2342 3113 2502 3168 nicht
2537 3113 2637 3169 der
2672 3129 2815 3183 pau-

545 3199 787 3256 cissimis
824 3198 1025 3256 diebus
1062 3196 1648 3267 zusammengestellte
1683 3197 1873 3253 brevis
1910 3196 2137 3254 libellus
2181 3197 2308 3263 {XII
2343 3200 2453 3264 1,3)
2494 3198 2643 3264 sein,
2682 3214 2817 3254 son-

544 3285 684 3341 dern
707 3284 833 3339 eine
869 3283 1183 3339 vermehrte
1205 3282 1478 3353 Ausgabe
1515 3281 1676 3348 (Einl.
1704 3280 1760 3337 S.
1784 3285 2022 3350 65—67),
2060 3285 2152 3339 die
2187 3282 2479 3340 vielleicht
2504 3299 2674 3354 sogar
2698 3291 2819 3340 erst.

545 3368 697 3425 nach
733 3367 986 3424 Martiale
1012 3368 1172 3425 Tode
1207 3367 1581 3424 veranstaltet
1616 3367 1708 3422 ist.
1759 3366 1836 3423 Es
1874 3368 2094 3424 enthmt
2128 3370 2376 3426 mehrere
2411 3370 2561 3425 noch
2586 3370 2646 3424 in
2668 3370 2814 3426 Rom

544 3452 824 3510 versasste
871 3452 1176 3519 Gedichte,
1225 3453 1493 3509 darunter
1539 3453 1643 3509 das
1686 3452 2283 3524 Einleitungsgedicht
2326 3473 2396 3513 zu
2445 3456 2545 3511 der
2594 3454 2815 3511 Antho-

548 3540 702 3610 logie
739 3556 842 3596 aus
880 3539 936 3593 X
970 3541 1089 3595 und
1125 3538 1206 3593 XI
1249 3544 1313 3605 (5,
1349 3537 1493 3594 Einl.
1523 3536 1577 3593 S.
1605 3541 1706 3604 94),
1744 3539 1900 3595 eines
1937 3555 2010 3594 an
2044 3540 2231 3597 Nerva
2269 3543 2356 3607 (6),
2408 3542 2565 3596 eines
2602 3558 2676 3597 an
2710 3541 2823 3596 den

546 3625 823 3683 ebenfalls
858 3626 1054 3696 langst
1086 3626 1288 3681 todten
1323 3622 1662 3680 Parthenius
1713 3626 1830 3692 (11);
1878 3626 2026 3680 auch
2067 3630 2129 3678 15
2164 3626 2284 3682 und
2319 3627 2423 3682 das
2461 3625 2710 3683 Gedicht
2744 3643 2820 3682 an

546 3711 758 3783 Trajan
778 3713 845 3778 (8)
887 3709 1115 3767 durften
1146 3727 1218 3766 zu
1253 3711 1364 3766 den
1401 3710 1615 3766 iilteren
1651 3711 1920 3780 gehoren.

686 3797 959 3868 Epistula.
1033 3797 1238 3851 Prisco.
1308 3796 1389 3851 Zu
1423 3795 1533 3850 VH
1567 3798 1651 3862 46,
1687 3798 1739 3850 4.

683 3884 731 3936 1.
795 3881 1014 3935 trienni.
1085 3882 1154 3937 In
1187 3880 1588 3937 Wirklichkeit
1634 3896 1824 3937 waren
1860 3897 1923 3939 es
1959 3886 2106 3938 etwa
2152 3882 2273 3938 drei
2318 3883 2439 3939 und
2486 3883 2580 3939 ein
2613 3882 2823 3939 halbes

544 3969 688 4026 Jahr
723 3967 834 4024 seit
868 3967 969 4023 der
1004 3967 1240 4023 zweiten
1273 3966 1546 4038 Ausgabe
1581 3984 1698 4024 von
1731 3967 1787 4021 X
1828 3966 2003 4035 {Mitte
2039 3970 2146 4035 98).

685 4056 733 4109 2.
768 4071 875 4107 mm
909 4082 978 4092 —
1012 4070 1231 4122 quoque.
1289 4051 1371 4108 Zu
1404 4053 1487 4108 XI
1522 4056 1610 4118 68,
1652 4055 1698 4106 1.

686 4140 737 4192 3.
766 4142 815 4193 4.
852 4138 1064 4193 urbicae
1096 4167 1167 4178 —
1206 4136 1501 4194 videamur.
1551 4138 2322 4211 Htiflichkeitsbezeigungen
2355 4138 2668 4196 besonders
2704 4155 2825 4196 von

545 4224 824 4281 Clienten.

681 4313 732 4363 9.
774 4309 830 4362 in
865 4307 1037 4363 alieno
1060 4312 1200 4381 foro
1235 4308 1465 4381 litiyare.
1529 4310 1611 4366 Zu
1647 4310 1755 4366 VII
1792 4314 1874 4378 65,
1912 4313 1961 4364 2.
