3192 5084
946 406 1406 476 Epigrammaton
1440 405 1609 462 Liber
1644 404 1782 460 VIII
1822 404 1988 471 (editt
2022 407 2130 471 93).

569 581 666 647 Sit
703 600 878 646 moro
925 598 1107 645 eoma
1151 578 1390 663 nigrior
1433 578 1695 658 eadueo,

569 694 798 758 Vincas
841 691 1114 758 mollitia
1157 697 1467 757 tremente
1509 691 1763 775 plumas

565 806 691 871 Aut
731 822 1014 870 massam
1057 800 1245 868 modo
1288 803 1475 869 laetis
1519 803 1801 887 alligati3

451 926 522 979 ιο
566 917 650 983 Et
688 915 855 982 tales
897 924 1108 982 tumor
1151 914 1388 982 excitet
1430 915 1727 999 papillas,

565 1026 804 1105 Quales
849 1025 1048 1093 oruda
1090 1027 1229 1092 viro
1272 1024 1495 1111 puella
1537 1033 1786 1094 servat:

566 1140 666 1219 Tu
710 1138 911 1218 nobis,
959 1138 1162 1223 Clyte,
1209 1139 1339 1203 iam
1385 1156 1584 1204 senex
1628 1136 1887 1203 videris.

568 1252 729 1316 Tam
773 1250 1007 1316 multos
1053 1250 1196 1333 quis
1241 1250 1411 1315 enim
1457 1248 1659 1315 fuisse
1703 1249 1924 1316 eredat

568 1362 835 1428 Natales
878 1362 1202 1428 Priamive
1246 1361 1665 1428 Nestorisve?

452 1482 522 1537 15
568 1472 667 1540 Sit
708 1472 968 1539 tandem
1014 1472 1220 1559 pudor
1265 1482 1329 1540 et
1371 1472 1599 1539 modus
1642 1474 1904 1558 rapinis.

571 1584 754 1664 Quod
797 1586 853 1651 si
898 1584 1070 1652 ludis
1114 1583 1328 1651 adhue
1370 1586 1699 1668 semelque
1745 1585 1924 1652 nasei

572 1697 713 1763 Uno
754 1697 885 1763 iam
928 1697 1048 1763 tibi
1090 1716 1217 1763 non
1262 1702 1365 1763 sat
1408 1704 1507 1763 est
1550 1698 1619 1762 in
1663 1716 1848 1777 anno,

571 1809 807 1874 Natum
850 1817 937 1887 te,
982 1808 1189 1893 Clyte,
1239 1826 1357 1873 nee
1400 1810 1602 1874 semel
1647 1808 1905 1893 putabo.

1431 1980 1625 2046 LXV.

577 2092 697 2158 Hie
738 2091 850 2158 ubi
894 2092 1217 2159 Fortunae
1262 2090 1539 2158 Reducis
1582 2090 1902 2177 fulgentia
1948 2093 2077 2158 late

657 2203 929 2288 Templa
970 2205 1195 2283 nitent,
1241 2203 1400 2270 felix
1445 2222 1601 2270 area
1645 2221 1851 2289 nuper
1894 2210 2059 2282 erat3

576 2315 697 2381 Hie
740 2316 918 2383 stetit
959 2316 1175 2381 Arctoi
1222 2315 1535 2382 formosus
1580 2316 1847 2400 pulvere
1892 2314 2047 2380 belli

656 2428 1052 2512 Purpureum
1095 2425 1375 2493 fundens
1421 2427 1667 2494 Caesar
1710 2426 1794 2493 ab
1840 2446 1949 2493 ore
1994 2426 2205 2506 iubar;

494 2547 528 2601 5
575 2539 695 2604 HIe
740 2540 925 2604 lauru
971 2537 1271 2605 redimita
1315 2557 1528 2605 eomas
1575 2547 1640 2605 et
1685 2537 1962 2604 eandida
2007 2541 2181 2605 cultu

606 2743 792 2800 LXIV
831 2748 909 2799 10.
967 2745 1114 2802 tales
1159 2745 1369 2800 either-t
1394 2763 1458 2815 p.
1506 2754 1564 2800 15
1638 2744 1769 2801 talis
1806 2746 1940 2799 codd
1962 2745 2116 2799 Sclm.

2567 408 2646 470 37

608 2933 792 2989 LXIV
828 2935 876 2987 9.
917 2936 997 2987 10.
1049 2933 1208 2991 ovid.
1233 2934 1306 2989 M.
1336 2934 1471 2989 XIII
1499 2936 1599 2987 796
1624 2933 1848 2991 Mollior
1882 2940 1942 2990 et
1977 2933 2145 3005 cygni
2182 2932 2388 3003 plumis
2426 2940 2484 2989 et
2518 2933 2667 2990 laete

405 3027 625 3076 coacto.
702 3022 780 3074 14.
827 3019 906 3074 Zu
940 3018 1022 3073 VI
1059 3021 1142 3082 70,
1190 3023 1270 3073 12.

609 3103 763 3159 LXV
799 3107 850 3159 5.
912 3103 1207 3161 claudian.
1244 3105 1312 3161 In
1356 3105 1589 3175 Eutrop.
1628 3105 1686 3159 II
1726 3107 1825 3159 528
1869 3105 1998 3161 Non
2044 3105 2219 3161 radiis
2265 3105 2525 3162 redimita
2569 3122 2670 3163 co-

406 3208 565 3257 mam,
601 3208 721 3247 non
754 3190 1009 3247 flammea
1042 3190 1276 3247 vultum.
1335 3189 1462 3261 Vgl.
1501 3207 1572 3246 zu
1607 3189 1744 3245 VIII
1782 3194 1863 3255 70,
1901 3195 1947 3246 5.

543 3363 728 3418 LXIV
763 3367 809 3416 7.
868 3381 1015 3417 moro
1048 3393 1118 3403 —
1153 3364 1364 3417 caduco.
1422 3364 1503 3419 Zu
1538 3361 1565 3415 I
1605 3364 1685 3428 72,
1724 3366 1771 3415 5.

545 3450 594 3503 9.
631 3448 785 3504 lact&
814 3448 1042 3520 auiqati.
1102 3449 1181 3506 Zu
1217 3450 1452 3506 Riootta
1486 3447 1867 3505 verdiohteter
1902 3448 2088 3504 Mileh.
2149 3448 2231 3504 Zu
2265 3449 2292 3503 I
2330 3451 2412 3514 43,
2453 3454 2497 3503 7.

552 3536 633 3590 14.
684 3534 956 3589 Priamive
995 3535 1318 3590 Nestorisue.
1379 3534 1461 3590 Zn
1495 3534 1550 3588 Π
1587 3536 1671 3599 64,
1710 3536 1756 3589 3.

554 3622 637 3674 18.
698 3619 779 3675 Zu
813 3619 894 3675 IV
930 3622 1014 3686 83,
1055 3624 1103 3673 4.

548 3704 717 3761 LXV.
774 3705 870 3761 An
904 3706 1003 3763 der
1038 3706 1236 3773 Stelle,
1284 3722 1372 3762 wo
1409 3705 1697 3762 Domitian
1741 3705 1818 3761 lm
1852 3706 2070 3762 ¹Ianuar
2104 3708 2171 3760 93
2205 3708 2266 3762 ἰιι
2300 3707 2446 3763 Rom
2480 3707 2676 3778 einge-

406 3807 595 3863 zogen
628 3807 760 3857 war,
795 3790 1007 3848 befand
1043 3793 1167 3849 sich
1202 3792 1295 3849 bel
1318 3790 1653 3862 Absassung
1688 3792 1874 3848 dieses
1900 3789 2191 3859 Gediohts,
2229 3793 2321 3849 die
2358 3795 2480 3849 also
2515 3794 2675 3850 nieht

408 3895 558 3951 ganz
594 3877 765 3934 kurze
799 3877 924 3934 Zeit
956 3879 1102 3934 nach
1139 3879 1351 3935 diesem
1385 3878 1638 3948 Einzuge
1685 3877 1945 3949 erfolgte,
1987 3894 2183 3936 ausser
2216 3879 2345 3935 dem
2382 3879 2492 3936 wol
2528 3881 2675 3935 auch

410 3973 528 4021 erst
578 3964 726 4020 nach
780 3965 908 4020 dem
958 3964 1212 4035 Einzuge
1270 3963 1540 4020 erbauten
1585 3963 1820 4033 Tempel
1874 3963 1976 4020 der
2025 3964 2277 4021 Fortuna
2328 3964 2531 4021 Rednx
2584 3966 2677 4020 eIn

408 4049 797 4121 praehtvoller
842 4050 1331 4120 Triumphbogen,
1380 4049 1490 4105 wol
1534 4050 1629 4106 ein
1671 4049 1891 4106 Umbau
1935 4051 2035 4107 der
2081 4056 2250 4121 porta
2295 4050 2671 4119 triumphalis.

412 4136 542 4207 Vgl.
580 4135 800 4192 Becker
835 4135 1083 4206 Topogr.
1125 4137 1220 4188 153
1255 4149 1310 4189 u.
1348 4138 1474 4200 6423
1513 4135 1606 4191 die
1639 4135 1784 4190 Einl.
1827 4134 1880 4191 S.
1920 4139 1985 4189 59
2009 4135 2048 4191 f.
2085 4152 2139 4192 u.
2177 4134 2268 4192 SG
2303 4136 2385 4191 III
2417 4139 2528 4201 185,
2566 4139 2616 4193 2.

546 4225 601 4277 3.
650 4225 844 4275 Are-tor
871 4251 941 4261 ——
976 4221 1131 4276 balli.-
1168 4222 1272 4277 des
1309 4220 1840 4292 Sarmatenkrieges.

553 4311 601 4360 5.
639 4311 687 4361 6.
747 4307 969 4364 Weisse
1004 4307 1296 4378 Kleidung
1339 4307 1457 4363 und
1503 4307 2116 4376 Lorbeerbekrunzung
2162 4306 2264 4362 des
2312 4306 2527 4365 Volkes
2564 4325 2679 4365 war

410 4396 507 4451 bei
554 4392 855 4450 festllehen
904 4394 1196 4464 Einztlgen
1243 4393 1618 4464 gewohnlioh.
1689 4392 1994 4449 Herodian.
2043 4391 2185 4447 VIII
2233 4395 2279 4455 7,
2319 4394 2348 4444 2
2404 4395 2454 4449 οἳ
2488 4394 2678 4468 λευχει.
