3192 5084
462 391 583 455 132
1013 447 1020 456 ,
1269 387 1340 443 Μ.
1375 385 1590 442 Valerii
1626 387 1900 443 Martialis

1502 558 1679 624 XLI.
1704 535 1783 650 Β

626 690 849 755 Mense
891 707 1057 754 novo
1102 687 1244 752 Iani
1289 693 1594 766 veterem,
1640 687 1992 767 Proculeio,
2041 687 2341 753 maritum

709 799 976 866 Deseris
1022 805 1217 882 atque
1259 797 1446 864 iubes
1491 816 1595 865 res
1641 797 1765 863 sibi
1808 797 2053 872 habere
2098 817 2273 865 suas,

626 910 815 991 Quid,
862 928 1042 993 rogo,
1092 907 1250 993 quid
1293 909 1535 976 factum
1580 913 1725 975 est?
1766 909 1963 975 subiti
2008 929 2179 993 quae
2208 927 2410 977 cauea
2440 909 2723 979 doloris?

705 1022 815 1086 Nil
859 1019 1018 1086 mihi
1061 1018 1457 1105 respondes?
1525 1021 1759 1087 Dicam
1806 1041 1946 1106 ego,
1993 1029 2251 1106 praetor
2295 1029 2458 1122 erapz

540 1142 573 1197 5
623 1134 1010 1200 Constatura
1052 1130 1176 1198 fuit
1217 1132 1611 1238 Mtfflnsis
1656 1152 1941 1218 purpura
1983 1141 2240 1199 centum

705 1243 983 1324 Milibue,
1033 1249 1105 1309 ut
1196 1243 1413 1309 'mium
1460 1263 1731 1310 munera
1774 1264 1974 1329 parca
2016 1243 2229 1326 daree,

616 1357 700 1422 Et
742 1356 1054 1441 populare
1098 1373 1349 1421 sacrum
1394 1354 1496 1421 bis
1539 1356 1722 1421 milia
1766 1356 1938 1423 dena
1979 1355 2256 1423 tulisset.

700 1466 1063 1534 Discidium
1107 1487 1237 1534 non
1280 1474 1379 1533 est
1422 1466 1567 1548 hoc,
1618 1468 1984 1534 Proculeia:
2034 1468 2283 1534 luorum
2327 1475 2443 1534 est.
2503 1492 2600 1599 3
2625 1482 2771 1594 ἵ,

1465 1665 1672 1731 XLII.

613 1794 777 1859 Tam
822 1793 1024 1860 dubia
1068 1801 1168 1861 cst
1211 1793 1451 1877 lanugo
1497 1792 1634 1874 tibi,
1682 1801 1818 1860 tam
1859 1793 2091 1874 mollis,
2140 1800 2212 1860 ut
2253 1793 2435 1860 illam

685 1905 959 2081 Ἦὶιιιε
1006 1912 1071 1971 et
1114 1904 1285 1971 soles
1330 1911 1395 1971 et
1438 1906 1602 1970 levis
1648 1923 1810 1972 aura
1853 1912 2036 1971 terat.

611 2016 727 2082 Cel

816 2023 920 2082 tur
965 2015 1158 2082 simili
1205 1982 2059 2133 venfflQeQ

692 2127 939 2194 Pollice
984 2127 1274 2210 virgineo
1320 2145 1492 2208 quae
1536 2124 1819 2210 spoliata
1861 2127 2083 2191 nitent.

573 2358 728 2413 XLII
765 2361 812 2411 3.
862 2355 1125 2426 Calpurn.
1162 2356 1282 2412 Ecl.
1321 2358 1369 2422 2,
1406 2358 1465 2410 9¹
1509 2355 1689 2412 Cerea
1725 2357 1829 2414 sub
1866 2357 2022 2413 tenui
2059 2356 2249 2412 lucere
2285 2354 2543 2427 Cydonia
2577 2358 2710 2414 lana

439 2444 622 2515 (Verg.
660 2444 781 2500 Ecl.
824 2445 873 2509 2,
912 2446 972 2496 51
1015 2449 1209 2499 tenera
1243 2441 1511 2513 lanugine
1548 2442 1731 2509 mala).
1830 2447 1876 2497 4.
1915 2441 2084 2513 Verg.
2126 2441 2197 2497 A.
2233 2441 2313 2497 XI
2348 2445 2414 2496 08
2449 2443 2704 2513 virgineo

429 2560 501 2571 —
535 2529 765 2600 pollice.

567 2734 695 2790 XLI
731 2738 778 2788 2.
827 2753 912 2790 res
945 2734 1053 2788 cibi
1081 2734 1271 2787 habere
1304 2751 1443 2789 euos.
1501 2733 1618 2789 Der
1669 2734 1761 2790 bei
1805 2733 1906 2789 der
1953 2731 2281 2804 Scheidung
2334 2748 2450 2790 von
2499 2734 2704 2790 beiden

431 2820 670 2877 Theilen
704 2820 1053 2892 gebrauchte
1087 2818 1411 2875 Auedruck.
1453 2817 1666 2891 -Gajus
1700 2819 1875 2889 Digg.
1912 2818 2105 2875 XXIV
2140 2822 2188 2885 2,
2226 2822 2257 2873 2
2295 2820 2321 2887 5
2360 2822 2381 2872 l
2436 2820 2497 2875 in
2531 2835 2702 2889 repn-

429 2906 541 2962 diis
577 2913 782 2972 autem,
818 2907 854 2962 i.
897 2922 945 2963 e.
982 2905 1413 2970 renuntiatione,
1453 2904 1826 2974 comprobata
1861 2911 1994 2961 sunt
2028 2906 2171 2961 haec
2206 2906 2407 2962 verba:
2449 2913 2578 2962 tuas
2614 2921 2703 2962 rea

431 2993 536 3048 tibi
573 2992 799 3058 habeto,
836 2992 971 3049 item
1007 2992 1171 3048 haec:
1210 2998 1340 3047 tuas
1374 3005 1464 3046 res
1495 2990 1605 3047 tibi
1643 2990 1817 3060 agito.
1877 2981 2210 3061 Marquardt
2242 2990 2355 3046 Prl.
2397 2993 2478 3056 68,
2516 2994 2563 3045 8.

562 3082 611 3131 4.
653 3083 878 3148 praetor
925 3083 1055 3132 erat.
1114 3077 1220 3134 Die
1273 3076 1546 3132 Priitoren
1599 3076 1799 3133 hatten
1853 3076 1962 3133 seit
2014 3079 2110 3130 732
2165 3076 2258 3132 die
2312 3075 2703 3132 alimmtlichen

426 3163 801 3232 Staatsapiele
849 3162 1247 3220 auazurichten
1292 3161 1412 3217 und
1448 3161 1712 3218 machten
1747 3162 1808 3217 in
1855 3162 1956 3218 der
1988 3161 2170 3232 Regel
2206 3161 2562 3219 bedentende
2598 3162 2702 3217 Zu-

425 3249 661 3304 schiisae
706 3264 778 3304 zu
821 3249 934 3305 den
981 3264 1085 3304 aua
1132 3245 1548 3302 Staatemitteln
1603 3246 1770 3303 dafflr
1813 3248 2141 3318 gewiihrten
2194 3245 2471 3303 Summon.
2544 3246 2696 3302 Frdl.

421 3333 516 3391 bei
551 3332 879 3405 Marquardt
912 3332 1032 3390 Stv
1065 3332 1152 3387 111
1186 3332 1288 3385 488
1323 3329 1363 3386 f.

559 3422 606 3471 5.
652 3421 703 3472 6.
742 3418 811 3473 D.
853 3420 909 3474 h.
963 3419 1061 3474 der
1107 3416 1393 3474 Zuschuas
1439 3433 1510 3472 zu
1557 3418 1669 3473 den
1704 3418 2194 3488 MegalensIschen
2244 3417 2472 3488 Spielen
2506 3418 2699 3473 wiirde

425 3504 607 3561 selbot
639 3505 732 3562 bei
770 3505 900 3560 sehr
932 3503 1138 3573 karger
1171 3502 1560 3572 Anastattnng
1601 3506 1767 3557 10000
1805 3503 1948 3561 Sest.
1982 3506 2258 3575 betragen
2291 3502 2493 3559 haben.

559 3590 656 3644 Me
692 3589 885 3644 alensis
919 3607 1191 3660 purpura.
1268 3588 1386 3645 Dae
1436 3586 2116 3660 Ganz-Purpurgewand,
2180 3590 2283 3647 das
2343 3589 2444 3645 der
2500 3589 2700 3646 Priitor

417 3675 512 3731 bei
550 3608 801 3756 denas]
801 3675 928 3731 olen
975 3681 1104 3746 trug
1151 3674 1269 3730 und
1318 3674 1378 3730 in
1423 3675 1694 3731 welchem
1742 3691 1801 3732 er
1837 3675 2177 3732 namentlich
2214 3676 2307 3732 die
2342 3691 2556 3745 pompa
2592 3675 2701 3731 cir-

420 3762 607 3817 censis
644 3759 922 3818 anffihrte.
981 3759 1289 3818 Mommsen
1326 3759 1445 3817 StR
1477 3761 1504 3815 I
1541 3763 1659 3816 397.

557 3851 601 3899 7.
641 3849 910 3917 populare
955 3866 1183 3902 samem.
1245 3844 1378 3902 Wol
1426 3847 1530 3903 dae
1574 3849 1804 3917 epulum
1851 3846 2016 3906 Jovis
2063 3859 2135 3902 an
2184 3846 2295 3902 den
2339 3846 2461 3903 ludi
2507 3848 2695 3917 plebei

422 3936 522 3996 (13.
570 3931 929 3998 November).
1016 3932 1148 4003 Vgl.
1200 3934 1509 3990 Mommsen
1569 3932 1692 3987 CIL
1738 3933 1765 3987 1
1812 3935 1912 3986 406
1959 3948 2002 3989 s.
2060 3931 2392 4002 Marqnardt
2446 3931 2565 3989 Stv
2612 3932 2697 3987 111

417 4020 515 4070 349
552 4034 606 4074 u.
648 4021 768 4073 499.

467 4121 478 4131 ·
548 4103 755 4159 tulisset
789 4104 898 4160 wie
933 4104 1068 4160 tulit
1102 4104 1158 4158 ΙΙ
1197 4105 1280 4169 63,
1316 4105 1365 4156 2.

545 4189 705 4245 XLII
741 4191 787 4243 2.
827 4195 988 4245 terat:
1029 4190 1281 4247 abnutzt.

548 4279 594 4329 3.
655 4280 896 4332 ventura.
955 4259 1068 4331 bie
1123 4275 1267 4332 eben
1317 4280 1689 4345 angesetzten
1742 4274 1988 4330 Friichte
2036 4274 2139 4329 der
2174 4272 2506 4356 Quittapfel.
2577 4272 2697 4327 An·

411 4362 540 4417 ders
575 4360 687 4416 VII
723 4365 805 4426 44,
842 4363 893 4416 9.
2188 4349 2597 4505 W
