3192 5084
991 385 1452 455 Epigrammaton
1486 384 1656 441 Liber
1690 382 1824 438 VIII
1861 383 2026 449 (editt
2061 386 2161 450 93).
2345 440 2359 461 Ι
2622 389 2699 452 19

586 558 775 637 Quid
819 557 937 623 tibi
984 577 1128 624 eum
1171 557 1411 642 phiala,
1459 557 1730 642 ligulam
1773 575 1919 622 eum
1963 558 2216 623 mittere
2262 558 2490 641 possis,

686 670 943 736 Mittere
987 689 1132 735 oum
1173 671 1389 754 possis
1434 669 1540 735 vel
1585 669 1877 735 eoeleare
1919 668 2103 751 mihi,
2128 707 2214 716 —

441 789 537 846 25
590 782 843 866 Magna
884 782 1076 847 nimis
1121 781 1444 863 loquimur
1486 817 1572 827 --
1617 781 1898 846 cocleam
1946 800 2091 846 eum
2135 780 2388 846 mittere
2432 782 2660 865 possis,

686 892 984 975 Denique
1029 910 1174 957 eum
1219 893 1430 977 possis
1474 892 1746 969 mittere,
1792 892 2017 971 Paule,
2065 891 2273 957 nihil?

1403 1055 1689 1121 XXXIV

596 1169 1038 1252 Archetypum
1081 1169 1266 1252 Myos
1311 1174 1648 1252 argentum
1694 1174 1759 1232 te
1791 1165 1965 1233 ,dicis
2011 1166 2270 1233 habere.

688 1278 873 1356 Quod
917 1280 1057 1345 sine
1103 1288 1167 1345 te
1211 1279 1453 1346 factum
1498 1287 1629 1357 est,
1690 1279 1811 1345 hoe
1856 1279 2063 1363 magis
2109 1277 2529 1364 archetypum
2575 1285 2690 1345 est.

602 1556 769 1622 Cum
811 1555 954 1621 sitis
998 1554 1245 1622 similes
1288 1574 1613 1639 paresque
1658 1555 1810 1633 vita,

598 1668 783 1735 Uxor
825 1667 1127 1751 pessima,
1173 1668 1493 1751 pessimus
1535 1666 1826 1745 maritus,

596 1779 810 1857 Miror,
857 1797 986 1844 non
1028 1777 1194 1843 bene
1238 1778 1584 1844 eonvenite
1627 1776 1830 1843 vobis.

1406 1948 1710 2013 XXXVI.

598 2061 808 2145 Regia
850 2060 1277 2143 pyramidum,
1326 2059 1586 2139 Caesar,
1636 2061 1950 2126 miraeula
1992 2060 2163 2141 ride3

683 2172 822 2237 Iam
867 2178 1039 2237 taeet
1080 2171 1284 2237 Eoum
1330 2171 1612 2238 barbara
1653 2172 1973 2257 Memphis
2018 2193 2207 2257 opus:

593 2285 757 2350 Pars
803 2290 1000 2366 quota
1041 2284 1430 2349 Parrhasiae
1475 2283 1663 2350 labor
1707 2292 1805 2350 est
1846 2285 2232 2352 Mareoticus
2279 2288 2512 2353 aulae?

683 2394 937 2462 Clarius
980 2395 1052 2460 in
1094 2401 1231 2459 tota
1272 2395 1365 2459 nil
1409 2393 1588 2461 videt
1633 2395 1787 2461 orbe
1832 2394 1991 2461 dies.

510 2518 545 2571 5
598 2507 915 2591 Septenos
958 2507 1202 2590 pariter
1246 2503 1472 2571 eredas
1517 2524 1862 2591 assurgere
1903 2516 2169 2588 montes,

630 2685 873 2741 XXXIV
907 2689 955 2740 2.
1017 2685 1200 2751 Quid?
1235 2685 1284 2742 si
1322 2701 1356 2741 a
1391 2692 1449 2742 te
1486 2684 1701 2742 factum
1737 2693 1838 2749 est,
1877 2688 1931 2742 h.
1973 2704 2042 2743 m.
2080 2705 2128 2745 a.
2166 2696 2295 2746 est?
2333 2692 2472 2744 Hm.

634 2839 867 2896 XXXV.
926 2839 1054 2910 Vgl.
1095 2839 1302 2896 Catull.
1343 2839 1403 2895 C.
1441 2843 1524 2895 57.

636 2924 880 2982 XXXVI
920 2928 964 2981 1.
1024 2925 1106 2981 Zu
1141 2925 1220 2994 Sp
1250 2929 1294 2991 1,
1326 2930 1369 2978 1.

565 3087 652 3138 23.
710 3085 791 3138 24.
875 3082 1070 3153 liyulae
1120 3085 1210 3147 (zu
1246 3078 1298 3134 V
1336 3083 1416 3146 18,
1454 3084 1502 3147 2)
1552 3082 1672 3138 und
1720 3082 1980 3136 coelom-ia
2032 3082 2372 3154 (Marquardt
2416 3084 2528 3139 Prl.
2570 3088 2686 3149 305„

425 3166 1111 3239 Saturnaliengesehenke
1146 3167 1248 3222 der
1280 3165 1505 3223 Amen.

564 3259 650 3309 25.
724 3256 964 3309 coelem.
1049 3252 1531 3310 Schneekenhaus
1579 3254 1665 3310 als
1699 3253 1952 3323 Beispiel
1989 3253 2080 3311 flu·
2126 3261 2331 3321 etwas,
2379 3272 2497 3313 was
2532 3258 2694 3313 nieht

425 3341 633 3400 eInmal
670 3341 836 3396 einen
868 3340 1241 3397 seheinbaren
1274 3337 1472 3395 Werth
1509 3339 1624 3404 hat,
1667 3356 1773 3396 nur
1808 3340 1988 3397 durch
2025 3341 2284 3397 eoeleare
2317 3341 2654 3399 veraulasst.

564 3425 813 3483 XXXIV
852 3429 896 3479 1.
957 3426 1137 3496 Myos.
1209 3424 1334 3495 Mys
1383 3425 1476 3480 ein
1530 3425 1848 3482 beruhmter
1893 3426 2133 3492 Toreut,
2184 3426 2548 3497 Zeitgenosse
2593 3429 2695 3485 des

424 3513 786 3578 Parrhasios3
823 3511 938 3582 vgl.
971 3511 1113 3567 VIII
1149 3514 1233 3577 51,
1273 3513 1319 3564 1.
1393 3511 1587 3566 Brunn
1621 3510 2223 3581 Kflnstlergesehiohte
2259 3512 2318 3566 II
2353 3515 2472 3567 409.

569 3601 617 3651 2.
684 3599 841 3661 Quod
879 3597 992 3651 sine
1045 3602 1096 3651 te
1139 3601 1351 3664 factum
1392 3601 1483 3650 est.
1560 3596 1668 3651 Die
1723 3612 1841 3651 von
1876 3596 2174 3654 Turnebus
2210 3597 2553 3655 versuehten
2589 3600 2692 3656 Er·

428 3686 774 3754 kliruugen:
833 3683 906 3739 »si
952 3688 1017 3738 tu
1062 3682 1338 3738 molestus
1382 3687 1701 3737 ostentator
1748 3682 1929 3746 absis,
1977 3682 2099 3746 vel,
2148 3684 2305 3755 qnod
2346 3682 2564 3740 factum
2607 3691 2698 3742 est

430 3779 564 3827 ante
597 3778 658 3825 te
690 3775 907 3834 natum,
945 3768 1062 3833 vel,
1101 3784 1136 3823 a
1171 3768 1374 3837 quovis
1410 3767 1524 3823 allo
1562 3772 1621 3823 et
1655 3783 1771 3823 non
1807 3784 1842 3823 a
1877 3774 1965 3834 te,
2004 3770 2160 3839 quod
2195 3770 2373 3835 soles,
2415 3770 2698 3826 adultera-

428 3865 574 3913 tum«
611 3855 741 3911 siud
777 3853 1093 3911 sammtlioh
1128 3852 1618 3923 unbefrledigend.
1681 3850 1866 3908 Wenn
1900 3870 2030 3911 man
2066 3854 2179 3912 den
2204 3856 2559 3912 Pentameter
2594 3857 2696 3912 mit

430 3941 717 4008 (Heinsius
752 3941 884 4007 und)
923 3938 1176 3997 Gilbert²
1221 3955 1277 4008 p.
1308 3940 1410 3993 644
1455 3938 1541 3994 als
1576 3938 1760 4009 Frage
1805 3937 1979 3996 faust:
2024 3940 2110 3997 Ist
2157 3956 2218 3997 es
2254 3947 2403 3997 etwa
2437 3941 2693 4005 deshalb‚

428 4028 559 4084 weil
594 4028 673 4083 du
713 4027 911 4093 (selbst
945 4027 1047 4082 der
1081 4025 1368 4090 Falseher,
1404 4025 1557 4088 oder)
1601 4024 1762 4080 nieht
1795 4025 1889 4081 bei
1924 4026 2024 4082 der
2071 4026 2399 4098 Falsehung
2432 4041 2697 4097 gewesen

427 4115 572 4177 bist,
620 4115 680 4169 in
724 4113 990 4170 hoherem
1022 4112 1208 4169 Masse
1244 4110 1533 4181 Original‘?
1566 4140 1637 4151 -
1671 4111 1748 4166 ist
1784 4110 1884 4166 der
1918 4112 2071 4169 Witz
2107 4113 2237 4168 sehr
2272 4111 2506 4183 durftig.

569 4199 814 4255 XXXVI
853 4203 900 4252 1.
940 4201 989 4254 2.
1023 4197 1101 4267 Sp
1127 4201 1171 4263 1,
1197 4201 1217 4250 1
1246 4197 1498 4254 Barbara
1531 4196 1887 4267 pyramidum
1922 4197 2090 4255 sileat
2112 4198 2384 4255 miracula
2401 4198 2697 4267 Memphis.

570 4290 619 4339 3.
672 4285 994 4339 Parrhasiae
1030 4314 1097 4324 —
1133 4284 1301 4338 aulae.
1363 4284 1445 4337 Zu
1480 4282 1592 4337 VII
1630 4286 1712 4349 56,
1749 4286 1801 4336 2.

571 4373 619 4422 5.
660 4370 903 4439 pariter.-
941 4384 1277 4433 zusammen,
1315 4369 1372 4424 d.
1412 4369 1464 4423 h.
1503 4368 1643 4426 fiber
1678 4370 1962 4426 einander.

2211 4474 2290 4524 2*
