3192 5084
991 365 1452 483 Epigrammaton
1485 411 1655 468 Liber
1691 411 1772 466 IX
1806 413 1972 468 (editt
2006 416 2113 470 94).
2592 417 2667 480 91

587 586 1014 653 Praenestina
1055 592 1238 651 tenes
1283 584 1535 670 decepti
1579 603 1732 649 rura
1774 585 2046 668 patroni,

673 699 752 763 In
794 696 1026 780 quibus
1068 694 1368 781 indignor
1410 696 1465 761 si
1508 695 1626 761 tibi
1672 695 1839 762 cella
1880 695 2033 775 fuit;

498 820 537 874 5
585 809 854 893 Rumpis
898 813 963 873 et
1004 806 1255 874 ardenti
1298 806 1596 872 madidus
1641 805 1950 891 crystalla
1990 807 2285 887 Falerno,

673 919 756 987 Et
798 919 1007 1004 pruris
1053 917 1293 984 domini
1338 936 1480 984 cum
1526 915 1905 1002 Ganymede
1947 917 2059 983 tui.

587 1032 674 1098 At
715 1049 818 1096 me
862 1029 1182 1096 litterulas
1225 1030 1401 1096 stulti
1447 1028 1721 1094 docuere
1764 1035 2098 1113 parentes:

675 1140 846 1220 Quid
890 1161 1033 1207 cum
1076 1141 1512 1225 grammaticis
1554 1138 2045 1222 rhetoribusque
2086 1139 2284 1204 mihi?
2319 1123 2329 1133 ’

587 1254 843 1336 Frange
883 1253 1063 1319 leves
1108 1253 1387 1318 calamos
1433 1258 1498 1316 et
1540 1249 1779 1330 scinde,
1826 1249 2079 1331 Thalia,
2125 1251 2397 1330 libellos,

463 1374 540 1430 10
677 1363 748 1429 Si
791 1363 947 1430 dare
991 1365 1190 1430 sutori
1236 1364 1489 1429 calceus
1532 1362 1661 1428 ista
1702 1368 1935 1447 potest.

1390 1525 1688 1590 LXXIV.

587 1638 887 1723 Effigiem
931 1645 1179 1703 tantum
1223 1638 1407 1721 pueri
1449 1638 1702 1721 pictura
1746 1634 2011 1701 Camoni

669 1750 920 1830 Servat,
970 1756 1035 1816 et
1076 1747 1343 1814 infantis
1385 1767 1589 1832 parva
1630 1745 1838 1830 figura
1880 1754 2112 1812 manet.

588 1864 919 1929 Florentes
963 1862 1143 1926 nulla
1186 1860 1468 1943 signavit
1510 1859 1794 1942 imagine
1836 1859 2073 1936 vultus,

667 1974 838 2038 Dum
881 1972 1063 2039 timet
1105 1991 1219 2037 ora
1261 1973 1409 2055 pius
1451 1977 1632 2036 muta
1672 1968 1896 2035 videre
1939 1976 2140 2053 pater.

1397 2133 1663 2200 LXXV.

581 2247 727 2313 Non
768 2246 950 2311 silice
994 2243 1152 2310 duro
1198 2244 1554 2311 structilive
1599 2251 1947 2323 caemento,

583 2358 722 2424 Nec
762 2357 966 2423 latere
1011 2363 1208 2437 cocto,
1256 2375 1381 2439 quo
1427 2354 1801 2422 Semiramis
1841 2356 2101 2439 longam

583 2467 923 2553 Babylona
965 2467 1184 2546 cinxit,
1232 2467 1448 2533 Tucca
1490 2467 1793 2533 balneum
1837 2465 2018 2531 fecit:

582 2579 714 2646 Sed
757 2585 975 2662 strage
1019 2597 1346 2643 nemorum
1389 2578 1712 2662 pineaque
1756 2597 2082 2662 compage,

499 2699 535 2754 5
581 2691 671 2758 Ut
712 2690 1024 2774 navigare
1067 2689 1287 2755 Tucca
1328 2688 1562 2754 balneo
1606 2689 1831 2773 possit.

580 2800 760 2867 Idem
804 2801 1033 2867 beatas
1072 2801 1291 2866 lautus
1335 2801 1572 2866 extruit
1615 2799 1898 2865 thermas

544 2995 786 3051 LXXIII
822 3000 873 3051 3.
935 2996 1164 3066 decepti
1199 3011 1331 3051 rura
1368 2997 1507 3050 Sclm
1588 2996 1817 3065 decepti
1859 3010 2036 3065 regna
2068 2998 2116 3065 Β
2158 2997 2274 3067 (υρῑ.
2311 2997 2455 3051 XII
2483 3005 2568 3061 31,
2608 3003 2659 3064 8)
2720 3051 2725 3056 .

407 3084 535 3139 dec.
565 3081 696 3154 jura
734 3084 783 3144 Q
876 3079 1131 3137 defuncti
1165 3097 1296 3138 rura
1333 3083 1480 3146 (nach
1514 3081 1672 3146 Frdz)
1723 3081 1923 3136 TEFm
1965 3081 2238 3144 (vielleicht
2271 3081 2483 3154 ricMiq)
2560 3084 2662 3139 de-

405 3167 784 3308 funcLaXlXssv
806 3167 883 3305 ξ
903 3267 1084 3322 parva
1126 3253 1381 3315 TQEFoe
1419 3252 1596 3308 Vir-«1⁸
1622 3253 1761 3306 δᾶνι
1829 3251 2010 3322 prima
2033 3254 2148 3324 (υρῖ.
2173 3252 2280 3308 IX
2301 3262 2382 3320 76,
2406 3257 2454 3322 2)
2483 3256 2660 3309 PSor.

540 3440 780 3496 LXXIII
816 3444 863 3494 5.
915 3440 1109 3498 Horat.
1147 3440 1208 3496 C.
1245 3441 1305 3496 H
1343 3444 1423 3506 11,
1463 3444 1526 3495 19
1562 3441 1814 3498 ardentis
1848 3441 2072 3498 Falerni
2108 3442 2333 3512 pocula.
2440 3441 2500 3497 9.·
2532 3443 2663 3500 Cal·-

403 3542 565 3596 purn.
601 3525 719 3581 Ecl.
744 3529 794 3592 4,
820 3527 885 3580 23
920 3526 1143 3597 hange
1177 3541 1320 3596 puer
1355 3526 1605 3583 calamos
1640 3533 1700 3583 et
1730 3528 1928 3584 inanes
1964 3529 2160 3584 desere
2192 3528 2404 3584 Musas.
2459 3529 2661 3585 Juven.

400 3616 453 3752 izi,
495 3613 561 3752 ²3
589 3628 680 3752 lsq.
738 3613 1016 3681 pertunde
1061 3611 1315 3679 libellos,
1363 3612 1584 3683 Frange
1620 3613 1787 3670 miser
1836 3613 2082 3671 calamos
2116 3613 2468 3684 vigilataque
2503 3630 2666 3684 proe-

447 3713 483 3752 a
558 3712 589 3752 e
613 3713 662 3753 e.

540 3870 587 3924 3.
656 3887 805 3924 rura.
878 3868 1185 3926 Vielleicht
1237 3869 1458 3925 sehrieb
1498 3868 1714 3940 jedoch
1756 3868 1827 3925 M.
1875 3884 2064 3940 regna.
2134 3870 2265 3941 Vgl.
2309 3870 2421 3926 XII
2465 3874 2547 3937 57,
2599 3874 2662 3925 19

399 3953 696 4010 Petilianis
728 3984 801 3995 —-
833 3954 893 4010 in
927 3954 1130 4024 regnis.

540 4041 590 4094 5.
663 4038 718 4094 X
756 4041 834 4106 13,
872 4042 903 4092 5
940 4039 1199 4096 Candida
1233 4038 1411 4096 Setini
1446 4047 1712 4109 rumpant
1747 4040 2016 4112 crystalla
2050 4041 2300 4098 trientes.

540 4128 590 4181 6.
675 4126 992 4196 Gmymede.
1063 4125 1144 4180 Zu
1180 4126 1238 4180 II
1273 4127 1356 4190 43,
1390 4128 1440 4180 4.

539 4211 589 4263 9.
673 4211 879 4265 Thalia.
952 4211 1032 4266 Zu
1066 4210 1149 4265 IV
1184 4213 1232 4276 8,
1272 4212 1351 4264 12.

539 4294 793 4352 LXXIV.
863 4295 989 4351 Wie
1023 4296 1106 4350 IX
1143 4300 1208 4350 76
1261 4295 1367 4352 auf
1405 4297 1496 4351 ein
1531 4296 1664 4353 Bild
1711 4298 1813 4354 des
1848 4297 1922 4352 im
1958 4296 2408 4367 Jilnglingsalter
2440 4305 2662 4368 gestor·

402 4380 588 4436 benen
623 4379 926 4437 Camonius
959 4380 1146 4438 Rufus
1182 4398 1285 4438 aus
1320 4382 1593 4446 Bononia,
1638 4383 1725 4440 als
1758 4383 1976 4440 kleines
2010 4383 2178 4439 Kind.
2248 4382 2379 4453 Vgl.
2420 4383 2499 4438 VI
2537 4385 2617 4437 85.
