3192 5084
653 415 832 472 Xenis
879 414 1083 486 (Epigr.
1110 414 1277 471 Liber
1305 413 1443 470 XIII
1474 414 1623 471 editt
1643 413 1953 490 December
1989 417 2055 468 84
2094 416 2231 472 oder
2266 418 2363 482 85).
2514 419 2636 482 277

995 587 1294 653 XXXVI.
1390 587 1650 653 Cistella
1696 587 2024 653 olivarum.

559 699 756 778 Haeo,
803 718 972 783 quae
1014 698 1269 765 Picenis
1313 698 1491 764 venit
1534 697 1849 765 subducta
1892 700 2176 782 trapetis,

645 809 913 877 Inchoat
955 817 1151 895 atque
1196 808 1420 878 eadem
1468 809 1607 877 finit
1650 810 1822 877 oliva
1864 808 2086 896 dapes.

1074 947 1409 1032 XXXVII.
1500 947 1687 1012 Mala
1729 947 1945 1012 citrea.

563 1058 692 1125 Aut
734 1058 1074 1144 Corcyraei
1119 1066 1268 1126 sunt
1309 1057 1472 1124 haec
1515 1056 1600 1124 de
1644 1056 1975 1125 frondibus
2019 1058 2205 1141 horti,

645 1170 774 1236 Aut
815 1169 979 1237 haee
1021 1169 1291 1282 Massyli
1334 1188 1526 1254 poma
1569 1167 1867 1236 draconis
1912 1180 2113 1238 erant.

1090 1333 1458 1398 XXXVIII.
1554 1332 1931 1397 Colustrum.

563 1442 884 1529 Surripuit
927 1451 1145 1530 pastor
1188 1463 1355 1527 quae
1399 1442 1681 1509 nondum
1725 1443 2044 1509 stantibus
2090 1442 2335 1527 haedis,

650 1556 750 1622 De
793 1555 996 1640 primo
1041 1562 1314 1621 matrum
1357 1556 1525 1621 lacte
1568 1556 1848 1621 colustra
1891 1553 2135 1620 damus.

1171 1716 1477 1782 XXXIX.
1567 1718 1856 1782 Haedus.

567 1829 911 1896 Lascivum
954 1847 1151 1913 pecus
1196 1834 1261 1894 et
1304 1827 1495 1894 viridi
1540 1847 1668 1893 non
1714 1828 1871 1895 utile
1912 1828 2166 1894 Baccho

651 1941 780 2006 Det
822 1957 1092 2025 poenas;
1139 1940 1357 2006 nocuit
1398 1940 1529 2005 iam
1573 1945 1755 2006 tener
1796 1939 1912 2005 ille
1957 1938 2095 2006 deo.

1327 2102 1463 2167 XL.
1562 2104 1720 2168 Ova.

568 2213 862 2283 Candida
907 2215 962 2280 si
1008 2233 1261 2281 croceos
1305 2214 1686 2281 circumfluit
1729 2212 1903 2279 unda
1946 2213 2223 2298 vitellos,

650 2327 1002 2410 Hesperius
1044 2326 1317 2392 scombri
1363 2331 1675 2410 temperet
1718 2344 1842 2391 ova
1884 2324 2107 2408 liquor.

535 2479 847 2536 XXXVIII.
886 2481 1117 2535 Lemma.
1182 2478 1519 2546 Colustrum]
1559 2477 1886 2534 Coloserum
1924 2479 2044 2533 ΒΤ
2097 2477 2388 2538 Colostum
2423 2481 2482 2534 F
2545 2479 2653 2536 Co·

399 2569 634 2626 lostrum
669 2567 768 2621 Εω
800 2566 977 2620 Vind³
1034 2565 1375 2622 Collustrum
1412 2566 1580 2620 Rand
1611 2583 1659 2618 v.
1699 2567 1747 2627 Q
1815 2566 1863 2617 2.
1901 2563 2151 2621 colostra
2185 2566 2339 2620 EFw
2401 2565 2652 2624 colustra

402 2654 642 2710 RTXG
701 2650 984 2707 ‘collustra
1020 2651 1187 2704 Rand
1219 2668 1267 2704 v.
1308 2653 1355 2711 Q
1390 2651 1517 2720 (¹:91.
1556 2654 1762 2713 anton).

539 2787 856 2844 XXXVIII.
911 2786 1030 2841 Inc.
1070 2786 1141 2841 de
1176 2785 1312 2842 dub.
1333 2784 1600 2842 nominib.
1630 2784 1815 2850 (GLV
1835 2789 1951 2850 576,
1982 2788 2002 2838 1
2042 2808 2103 2833 ==
2130 2785 2367 2843 Gramm.
2396 2789 2644 2846 Vindob.

401 2877 610 2945 Haupt.
646 2872 807 2930 Ovid.
849 2870 1091 2927 Halieut.
1132 2886 1189 2939 p.
1233 2874 1314 2936 74,
1355 2874 1402 2934 9)
1446 2869 1753 2927 colustrum
1788 2870 2011 2939 generis
2046 2873 2245 2938 neutri,
2281 2880 2347 2930 ut
2380 2874 2652 2931 Martialis

409 2966 493 3030 [ut
527 2962 639 3031 qui]
678 2957 986 3015 colustrum
1021 2956 1234 3011 luteum
1269 2961 1327 3012 et
1360 2955 1596 3012 Plautus
1635 2955 1825 3020 (Poen.
1865 2956 1892 3011 I
1927 2959 1973 3018 2,
2004 2959 2115 3023 154)
2154 2972 2335 3014 meum
2371 2961 2495 3024 mel,
2532 2976 2654 3016 mea

405 3048 669 3105 colustra.

540 3198 783 3256 XXXVI
823 3201 869 3251 1.
925 3195 1138 3251 Picenis
1171 3226 1241 3236 —-
1275 3196 1515 3266 trapetis.
1587 3196 1667 3252 Zu
1702 3196 1728 3250 Ι
1765 3201 1847 3262 43,
1890 3200 1938 3250 8.

542 3290 590 3339 2.
641 3284 840 3340 Oliven
874 3281 1105 3337 wurden
1152 3280 1328 3337 sowol
1362 3281 1456 3338 bei
1491 3282 1591 3338 der
1614 3283 1864 3352 gustatio
1891 3282 2227 3354 (Marquardt
2260 3282 2369 3339 Prl.
2407 3287 2533 3350 215,
2575 3288 2655 3350 13)

407 3373 491 3428 als
525 3371 672 3428 belm
707 3368 1018 3425 Nachtisch
1057 3367 1189 3432 (das.
1227 3369 1340 3432 318)
1378 3381 1672 3437 gegessen.

543 3455 837 3512 XXXVII.
891 3455 1048 3508 Mala
1083 3453 1274 3507 citrea.-
1309 3451 1841 3511 Citronatcitronen.
1916 3454 2078 3511 Helm
2114 3455 2167 3510 S.
2206 3457 2493 3510 257—263.

545 3545 589 3596 1.
627 3544 674 3593 2.
721 3541 801 3596 Zu
835 3539 946 3596 VII
981 3542 1064 3605 42,
1101 3541 1132 3591 6
1168 3539 1286 3595 und
1321 3540 1374 3594 X
1398 3543 1481 3604 94,
1523 3541 1567 3593 1.

391 3685 398 3692 ,
545 3625 865 3682 XXXVIII.
946 3627 1263 3680 Colustrum.
1357 3623 1540 3680 Ueber
1601 3625 1691 3681 die
1744 3623 2097 3698 Schreibung
2152 3627 2272 3683 und
2328 3627 2493 3683 Form
2553 3628 2657 3685 des

409 3712 602 3769 Worts
637 3710 753 3781 vgl.
795 3710 944 3767 oben
976 3709 1093 3765 und
1127 3709 1284 3765 Flav.
1322 3709 1507 3778 Caper
1542 3709 1615 3765 de
1650 3710 1803 3767 verb.
1845 3711 1978 3769 dub.
2021 3711 2118 3768 GL
2155 3713 2245 3769 ed.
2284 3712 2413 3768 Keil
2448 3730 2502 3783 p.
2545 3716 2657 3778 109,

412 3801 442 3850 3
480 3796 783 3854 colustrum
819 3801 991 3852 recte.
1038 3795 1179 3851 Plin.
1218 3795 1286 3850 N.
1327 3796 1379 3851 h.
1416 3794 1662 3851 XXVIII
1701 3798 1795 3849 123
1831 3796 1937 3853 Est
1973 3805 2159 3854 autem
2195 3797 2444 3855 colostra
2478 3800 2658 3868 prima

413 3900 449 3939 a
492 3888 656 3954 partu
703 3896 954 3951 spongea
1001 3881 1254 3937 densitas
1302 3880 1485 3937 lactis.
1564 3881 1820 3938 Maxume
1856 3885 2056 3939 'autem
2103 3884 2205 3940 alit
2261 3885 2654 3955 quodcumque

412 3969 729 4033 humanum,
770 3981 899 4023 mox
935 3967 1238 4037 caprinum,
1285 3967 1434 4023 unde
1470 3966 1732 4024 fortassis
1768 3966 1995 4025 fabulae
2031 3970 2233 4026 Jovem
2268 3969 2351 4026 ita
2384 3970 2654 4025 nutritum

414 4055 618 4110 dixere.
689 4052 817 4122 Vgl.
855 4052 1001 4108 auch
1036 4052 1180 4108 Plin.
1219 4051 1288 4108 N.
1330 4054 1382 4108 h.
1423 4052 1506 4110 XI
1543 4055 1663 4107 236.

550 4138 813 4194 XXXIX.
850 4136 978 4207 Vgl.
1015 4137 1102 4192 ΙΙΙ
1140 4139 1218 4202 24,
1261 4140 1306 4191 1.

549 4223 649 4278 XL
684 4226 731 4278 2.
788 4223 1101 4294 Hesperius.
1158 4223 1475 4281 Besonders
1509 4242 1612 4282 aus
1637 4225 1941 4297 Antipolis.
2002 4225 2081 4282 Zu
2105 4226 2188 4282 IV
2211 4228 2297 4292 88,
2325 4229 2355 4278 5
2380 4225 2517 4282 XIII
2545 4229 2657 4281 103.

544 4309 771 4364 scombri
810 4338 882 4348 —
926 4309 1117 4379 liquor.
1187 4308 1393 4366 Garum
1440 4311 1579 4367 oder
1625 4311 1770 4367 auch
1814 4312 2111 4383 liquamen.
2190 4311 2285 4376 (Zu
2329 4311 2409 4367 VI
2457 4315 2541 4378 93,
2582 4315 2653 4380 6).

417 4394 759 4452 Fischsauce
795 4395 986 4462 wurde
1023 4395 1286 4454 hiernach
1324 4396 1410 4454 als
1444 4397 1653 4453 Znthat
1689 4414 1758 4454 zu
1795 4397 2177 4468 Spiegeleiern
2212 4398 2485 4469 gegeben.
