3192 5084
576 387 664 450 30
1395 380 1466 437 M„
1503 382 1716 439 Valerii
1753 382 2025 439 Martialis

668 565 705 618 5
756 555 938 635 Rufo,
989 554 1405 635 Caedit-jane,
1455 553 1880 622 eommodavi.

754 669 926 733 Dum
970 668 1185 734 iussus
1230 667 1464 752 repetit
1507 667 1675 752 pilos
1723 666 2009 749 eosdem,

750 780 1040 845 Censura
1083 778 1334 864 speeuli
1378 798 1639 845 manum
1684 785 1966 863 regente,

751 890 1191 975 Expingitque
1235 898 1446 957 eutem
1491 889 1778 975 facitque
1823 891 2083 975 longam

753 1003 1057 1069 Detonsis
1102 1001 1573 1088 epaphaeresin
1619 1003 1892 1088 capillis,

634 1124 704 1179 ιο
753 1113 1074 1180 Barbatus
1119 1115 1277 1179 mihi
1322 1121 1541 1181 tonsor
1584 1121 1687 1181 est
1731 1133 2051 1180 reversus.

1626 1305 1795 1370 LIII.

752 1415 1244 1481 Formosissima
1288 1435 1458 1499 quae
1502 1416 1684 1482 fuere
1728 1416 1835 1481 vel
1881 1423 2046 1494 sunt,

753 1526 887 1593 Sed
932 1528 1253 1593 vilissima
1296 1547 1463 1610 quae
1509 1526 1692 1594 fuere
1737 1526 1845 1593 vel
1890 1534 2058 1605 sunt,

754 1636 808 1704 Ο
855 1658 1047 1720 quam
1094 1645 1159 1706 te
1203 1638 1366 1723 fieri.
1416 1637 1697 1719 Catulla,
1745 1639 1984 1705 vellem

751 1749 1122 1815 Formosam
1169 1751 1379 1815 minus
1425 1758 1539 1817 aut
1581 1751 1792 1835 magis
1838 1749 2163 1834 pudieam!

1636 1939 1800 2004 LIV.

750 2049 991 2133 Magna
1033 2049 1187 2116 lieet
1231 2051 1466 2116 totiens
1512 2049 1777 2129 tribuas,
1825 2051 2071 2115 maiora
2116 2048 2384 2116 daturus

837 2161 1045 2241 Dona,
1097 2160 1331 2227 dueum
1378 2163 1599 2241 vietor,
1648 2161 1852 2226 vietor
1896 2167 1962 2226 et
2005 2161 2147 2245 ipse
2192 2162 2304 2242 tui,

750 2272 1060 2356 Diligeris
1106 2273 1343 2357 populo
1386 2292 1516 2338 non
1559 2279 1822 2357 propter
1863 2273 2171 2356 praemia,
2221 2272 2487 2353 Caesar,

835 2385 1104 2469 Propter
1147 2391 1212 2449 te
1259 2384 1536 2469 populus
1580 2383 1895 2469 praemia,
1944 2383 2207 2462 Caesar,
2258 2393 2452 2451 amat.

784 2598 917 2653 LIII
954 2602 1023 2654 4.·
1068 2598 1185 2653 Wie
1210 2599 1283 2652 im
1317 2601 1450 2653 Text
1476 2601 1568 2661 Qm
1648 2597 2011 2655 Formonsam
2047 2599 2230 2656 minus
2269 2606 2369 2656 aut
2402 2600 2587 2656 minus
2621 2601 2850 2671 pdieam

578 2691 664 2751 (eo)
715 2688 765 2741 T
864 2692 965 2741 aut
998 2685 1184 2741 minus
1220 2686 1489 2755 pudieam
1524 2684 1930 2740 EXABCFG
2033 2685 2361 2742 Formosam
2397 2692 2497 2742 aut
2532 2686 2714 2743 minus
2751 2693 2851 2742 aut

578 2772 758 2842 magis
794 2772 1062 2841 pudieam
1100 2773 1243 2826 Hm.

782 2857 916 2912 LIV
949 2862 1001 2912 4.
1037 2856 1278 2927 Propter
1314 2863 1370 2913 te
1410 2858 1568 2911 REw
1629 2855 1704 2912 Et
1739 2861 1974 2925 propter
2012 2857 2174 2919 PQF
2237 2856 2319 2912 Te
2355 2863 2629 2926 propter?
2656 2858 2844 2912 Solam.

782 3047 916 3187 LtIII
957 3049 1004 3099 1.
1049 3046 1257 3104 Catull.
1287 3049 1369 3110 49,
1400 3049 1441 3100 1.
1476 3047 1506 3097 2
1531 3044 1913 3102 Disertissime
1938 3045 2165 3102 Romuli
2200 3052 2488 3115 nepotum,
2527 3046 2678 3114 Quot
2712 3052 2847 3103 sunt

578 3140 790 3202 quotve
851 3147 1003 3188 uere.

715 3342 762 3394 5.
802 3339 980 3408 Ruso.
1043 3336 1201 3394 Ohne
1238 3335 1466 3393 Zweifel
1502 3336 1820 3394 Instantius
1855 3336 2059 3394 Rufus.
2125 3337 2205 3394 Zu
2241 3336 2352 3393 VH
2389 3340 2471 3401 68,
2516 3339 2560 3391 1.

718 3428 767 3480 7.
831 3421 962 3494 Vgl.
1005 3423 1085 3479 VI
1121 3425 1203 3489 64,
1242 3426 1290 3475 4.

716 3514 765 3565 8.
814 3508 1184 3580 Expingitque
1219 3512 1402 3562 cutem.
1462 3507 1594 3578 vgl.
1634 3507 1745 3563 VII
1780 3510 1862 3574 83,
1900 3511 1947 3564 2.

715 3598 762 3650 9.
800 3593 1195 3665 epaphaeresin.
1242 3589 1606 3666 Ἐπαφαίρεσις
1629 3594 1844 3652 kommt
1866 3594 1958 3651 bei
1982 3594 2379 3665 grieehIsehen
2402 3596 2845 3653 medizInisehen

574 3680 1025 3738 Schriftstellern
1059 3696 1181 3736 vor.

713 3767 867 3823 LIII.
929 3767 1038 3822 Die
1072 3767 1468 3822 Reminiseenz
1504 3781 1577 3821 an
1608 3764 1816 3823 Catull.
1845 3768 1911 3819 49
1948 3765 2049 3822 hat
2083 3766 2339 3824 offenbar
2374 3767 2520 3823 aueh
2558 3768 2650 3824 die
2677 3768 2845 3824 Wahl

575 3854 681 3910 des
714 3853 960 3909 Namens
996 3850 1224 3908 Catulla
1257 3851 1515 3908 bewirkt.

719 3943 762 3993 1.
802 3941 851 3992 2.
914 3957 1048 4009 quae
1070 3942 1240 4012 suere
1274 3939 1358 3992 vel
1388 3941 1529 3991 eunt.
1591 3936 1733 3993 VIII
1768 3939 1852 4000 80,
1894 3940 1925 3992 8
1964 3952 2109 4007 quae
2147 3945 2283 3995 sunt
2318 3954 2575 4011 quaeque
2610 3938 2787 3996 fuere.

715 4025 845 4081 LIV
888 4026 933 4078 1.
998 4025 1207 4095 Maqna
1240 4022 1363 4078 lieet
1400 4023 1592 4077 totiens
1628 4023 1850 4077 tribuae.
1913 4023 2021 4079 Die
2058 4025 2087 4076 3
2125 4024 2254 4080 dem
2289 4025 2477 4081 Volke
2512 4024 2845 4096 gegebenen

572 4111 945 4181 Congiariem
992 4125 1064 4164 zu
1104 4108 1245 4165 VIII
1287 4111 1364 4173 15,
1412 4113 1462 4164 4.
1544 4108 1661 4164 Der
1706 4108 2012 4166 Ausdruek
2069 4110 2317 4167 erinnert
2372 4127 2447 4167 an
2491 4111 2628 4166 VIII
2677 4115 2762 4173 50,
2815 4114 2847 4163 9

578 4196 828 4253 Grandia
863 4194 1157 4265 pollieitus
1195 4200 1410 4263 quanto
1449 4195 1663 4251 maiora
1697 4196 1925 4252 dedisti.

717 4285 763 4335 2.
811 4282 982 4335 vietor
1024 4285 1076 4335 et
1122 4279 1234 4350 ipee
1282 4279 1380 4333 tui.
1460 4278 1610 4336 Weil
1654 4295 1715 4336 er
1749 4281 1842 4336 die
1886 4280 2150 4339 fruheren
2185 4281 2605 4353 Sehenkungen
2651 4283 2847 4340 immet

574 4368 758 4423 duroh
793 4382 940 4423 neue
977 4366 1308 4423 uberbietet.
1375 4365 1608 4423 Gilbert.
