3192 5084
589 374 662 431 Μ.
703 331 1228 432 vileriin'artialis
1257 374 1720 445 Epigrammaton
1754 337 1922 430 Liber
1957 374 2064 428 XII
2105 374 2294 441 (xm).
2469 378 2592 441 219

384 555 462 611 10
507 546 682 642 quod
734 548 803 613 in
858 548 1101 615 libellis
1152 548 1312 613 meis
1367 548 1652 632 placeat,
1717 545 1988 612 dictavit
2046 546 2319 614 auditor.
2405 547 2595 613 Illam

507 658 889 726 iudiciorum
971 659 1416 740 subtilitatem,
1503 657 1666 724 illud
1745 659 2158 724 materiarum
2244 659 2593 743 ingenium,

509 771 967 856 bibliothecas,
1030 771 1308 853 theatra,
1377 771 1734 850 convictus,
1799 770 1868 834 in
1922 770 2155 852 quibus
2211 769 2471 837 studere
2526 789 2598 836 se

509 884 872 968 voluptates
916 903 1044 950 non
1088 883 1391 964 sentiunt,
1445 880 1531 948 ad
1574 900 1890 948 summam
1922 882 2202 947 omnium
2247 881 2381 958 illa,
2428 901 2597 964 quae

510 993 768 1061 delicati
810 995 1205 1079 reliquimus,
1213 992 1697 1171 [ssesideramus
1743 993 1930 1077 quasi
1962 992 2270 1059 destituti.
2332 993 2601 1059 Accedit

388 1113 462 1170 15
509 1106 611 1172 his
655 1107 1135 1192 municipalium
1181 1126 1213 1171 r
1297 1107 1404 1190 igo
1437 1104 1479 1170 d
1565 1106 1727 1171 tium
1772 1103 2078 1281 etgudici
2115 1106 2255 1171 loco
2299 1105 2482 1185 livor,
2533 1111 2600 1169 et

513 1237 675 1283 unus
720 1226 833 1286 aut
876 1220 1040 1284 alter
1218 1218 1261 1301 ',
1294 1216 1363 1282 in
1395 1237 1482 1301 pu
1566 1216 1630 1282 lo
1659 1216 1799 1282 loco
1895 1216 2039 1297 ulti3
2086 1215 2398 1283 adversus
2429 1215 2602 1298 quod

512 1328 780 1432 difficile
822 1335 923 1395 est
974 1328 1219 1506 hagae
1264 1327 1497 1394 cotidie
1548 1327 1788 1393 bonum
1832 1327 2247 1394 stomachum.
2335 1328 2438 1393 Ne
2480 1328 2605 1392 mi-

510 1442 671 1507 reris
713 1442 914 1524 igitur
956 1440 1065 1506 abi
1105 1448 1211 1507 cta
1253 1439 1336 1505 ab
1380 1438 1761 1524 indignante
1804 1458 1974 1522 quae
2017 1459 2059 1504 a
2102 1439 2419 1522 gestiente
2461 1438 2602 1504 fieri

512 1551 830 1618 solebant.
907 1551 1007 1617 Ne
1053 1549 1210 1635 quid
1254 1558 1472 1617 tamen
1517 1559 1581 1616 et
1627 1549 2001 1616 adveni'enti
2043 1548 2164 1616 tibi
2209 1550 2291 1615 ab
2337 1549 2496 1615 urbe
2540 1557 2606 1616 et

383 1670 461 1727 20
513 1662 796 1747 exigenti
852 1681 1157 1746 negarem
1201 1700 1287 1710 —
1332 1664 1435 1728 cui
1482 1682 1561 1728 no
1652 1661 1859 1728 refero
1903 1662 2203 1746 gratiam,
2268 1662 2323 1727 si
2354 1668 2602 1727 tantum

514 1793 594 1840 ea
637 1781 894 1857 praesto
940 1794 1107 1857 quae
1151 1792 1415 1858 possum
1451 1812 1556 1854 —,
1678 1775 1902 1859 peravi
1948 1730 2157 1854 mihi?
2174 1771 2346 1856 quod
2387 1771 2606 1837 indul-

513 1904 669 1969 gere
713 1844 1145 1969 consueram?
1175 1891 1242 1951 et
1284 1884 1501 1951 studui
1547 1886 1955 1971 paucissimis
2001 1884 2249 1965 diebus,
2296 1893 2367 1951 ut
2411 1884 2605 1949 fami-

513 1996 895 2063 liarissimas
951 1996 1108 2062 mihi
1165 2014 1354 2062 aures
1409 2005 1555 2063 tuas
1612 1997 1976 2082 exciperem
2033 1996 2414 2063 adventoria
2464 2015 2603 2082 spa.

514 2109 616 2174 Tu
659 2107 856 2175 velim
899 2108 1057 2189 ista,
1117 2128 1286 2191 quae
1340 2115 1587 2176 tantum
1634 2107 1810 2194 apud
1864 2116 1928 2175 te
1971 2128 2100 2175 non
2142 2108 2604 2194 periclitantur,

389 2226 466 2284 25
515 2219 862 2305 diligenter
904 2220 1249 2287 aestimare
1295 2227 1359 2287 et
1403 2227 1706 2287 excutere
1748 2241 1878 2287 non
1920 2222 2239 2304 graveris;
2306 2228 2387 2300 et,
2435 2218 2608 2303 quod

479 2357 540 2410 L.
582 2359 659 2412 12.
698 2356 995 2413 convictus
1023 2358 1421 2420 QEXACFV
1441 2358 1582 2412 Sclm
1634 2363 1947 2414 conventus
1974 2359 2150 2412 PSer
2223 2360 2298 2411 13.
2338 2357 2602 2422 omnium]

345 2443 570 2498 omnia?
616 2442 944 2512 voluptates
970 2457 1015 2514 p
1052 2444 1319 2508 (Parisin.
1359 2462 1400 2498 ε.
1440 2445 1590 2509 XV)
1638 2446 1841 2497 Gruter
1967 2443 2361 2513 voluptatibus
2399 2443 2610 2505 PQFO

343 2529 754 2595 volun{m)tates
778 2530 879 2583 Em
954 2531 1031 2582 16.
1069 2528 1224 2601 quod
1257 2530 1588 2599 ‘BQEABF
1674 2546 1818 2600 quos
1853 2551 1896 2583 ω
1978 2531 2060 2582 24.
2104 2535 2319 2586 tantum
2358 2529 2512 2599 apud
2548 2533 2608 2584 te

345 2630 459 2670 non
494 2613 654 2677 FQO
721 2620 766 2670 t.
806 2630 923 2669 non
959 2614 1114 2683 apud
1149 2621 1208 2671 te
1243 2630 1357 2669 non
1394 2615 1684 2670 EXABG
1747 2615 1902 2683 apud
1936 2621 1994 2670 te
2032 2620 2148 2671 tum
2184 2630 2300 2670 non
2337 2616 2400 2669 P.

487 2736 566 2788 10.
603 2734 858 2789 dictavit.-
895 2735 1001 2791 wie
1036 2734 1175 2790 VIII
1209 2738 1293 2798 73,
1332 2736 1382 2788 8.

486 2822 564 2874 11.
600 2820 946 2875 matam
980 2820 1281 2892 inqenium:
1330 2820 1433 2876 der
1476 2820 1717 2890 geistige
1754 2818 1989 2884 Gehalt,
2026 2819 2126 2875 der
2159 2820 2369 2876 bereits
2405 2820 2465 2875 in
2499 2819 2611 2875 den

349 2904 564 2963 Stoffen
599 2905 756 2975 liegt.
2462 2941 2473 2952 .

490 2992 568 3045 12.
621 2994 700 3044 13.
752 2991 812 3044 in
858 2991 1048 3062 quibu-5
1092 2991 1303 3045 studere
1347 3011 1403 3046 se
1440 2993 1735 3062 voluptates
1787 3009 1891 3044 non
1933 2990 2185 3045 sentiunt.
2265 2989 2607 3061 Eigentlich,

351 3094 439 3134 wo
475 3079 577 3133 das
613 3076 958 3147 Vergnligen
992 3076 1154 3132 nicht
1188 3075 1396 3140 merkt,
1451 3077 1586 3133 dass
1623 3092 1686 3132 es
1720 3076 1956 3143 studirt,
1998 3077 2051 3133 d.
2087 3076 2143 3132 h.
2182 3092 2271 3132 wo
2308 3091 2439 3131 man
2472 3076 2611 3131 tiber

349 3163 476 3219 dem
499 3161 855 3233 Vergnilgen‚
892 3165 997 3219 das
1032 3179 1161 3219 man
1196 3162 1463 3234 geniesst,
1500 3163 1662 3219 nicht
1696 3163 1925 3233 gewahr
1959 3162 2115 3229 vird,
2152 3162 2286 3219 dass
2321 3178 2450 3218 man
2487 3161 2608 3217 sich

352 3249 608 3320 zngleich
647 3249 845 3305 bildet.
908 3248 998 3305 SG
1032 3249 1060 3303 Ι
1092 3253 1213 3315 415,
1253 3250 1304 3306 8.

493 3337 571 3389 16.
616 3337 694 3389 17.
742 3335 994 3390 adverm
1024 3367 1095 3377 —
1131 3336 1323 3389 bonum
1356 3336 1710 3390 stomachum.-
1754 3350 1873 3390 was
1916 3333 2044 3404 Tag
2089 3331 2181 3389 fiir
2216 3332 2343 3404 Tag
2378 3349 2449 3388 zu
2484 3348 2613 3389 ver-

352 3420 536 3476 danen
581 3419 797 3476 schwer
841 3421 937 3478 ist.
999 3420 1324 3487 Quintilian.
1361 3422 1420 3477 II
1455 3425 1502 3487 3,
1541 3423 1570 3474 3
1610 3436 1764 3478 error
1810 3425 1898 3476 est
1946 3425 2133 3476 tamen
2176 3419 2237 3475 in
2280 3435 2341 3475 re
2387 3418 2614 3489 duplex,

349 3521 494 3562 unns
531 3506 684 3577 quod
706 3506 927 3562 interim
953 3505 1214 3563 sufficere
1249 3506 1382 3564 illos
1417 3507 1661 3563 minores
1687 3506 2012 3563 existimant
2033 3513 2105 3572 et,
2142 3505 2295 3563 bono
2320 3522 2457 3562 sane
2494 3513 2616 3563 sto-

350 3591 570 3658 macho,
608 3593 860 3648 contenti
897 3599 1044 3649 sunt.
1105 3593 1190 3649 Id.
1226 3593 1310 3649 VI
1334 3596 1382 3660 3,
1407 3596 1473 3648 93
1507 3593 1923 3649 Iucundissima
1957 3598 2091 3648 sunt
2125 3607 2193 3646 ex
2228 3592 2318 3648 his
2355 3591 2615 3648 omnibus

348 3677 499 3734 lenia
534 3683 606 3744 et,
642 3683 709 3733 ut
744 3677 827 3733 sic
864 3679 1112 3746 dixerim,
1147 3679 1285 3736 boni
1321 3679 1616 3736 stomachi.

491 3764 577 3817 20.
626 3764 712 3829 21.
779 3762 833 3816 εἰ
872 3769 1078 3819 tantum
1123 3785 1185 3821 ea
1222 3770 1439 3837 praesto
1486 3783 1620 3835 quae
1658 3782 1892 3835 porcum.
1962 3762 2243 3818 Aehnlich
2293 3761 2492 3819 Cicero
2541 3764 2615 3818 ad

352 3847 483 3905 fam.
524 3847 604 3903 1v
641 3849 692 3910 8,
735 3849 758 3900 1
802 3849 907 3915 (ed.
947 3849 1154 3917 Baiter)
1213 3851 1487 3921 reliquum
1524 3856 1613 3906 est
1648 3850 1849 3920 igitur,
1904 3854 1969 3905 nt
2002 3849 2108 3906 tibi
2151 3864 2239 3904 me
2273 3850 2335 3905 in
2370 3848 2521 3904 omni
2556 3863 2616 3903 re

353 3950 480 3991 eum
534 3933 836 4004 praebeam
888 3942 1280 4009 praestemque
1325 3941 1382 3992 et
1429 3937 1502 3992 ad
1549 3936 1739 3991 omnia
1787 3950 1933 4006 quae
1976 3935 2061 3991 tui
2112 3934 2319 3996 velint,
2375 3934 2459 3990 ita
2512 3934 2615 3988 sim

353 4026 609 4091 praesto,
647 4027 713 4076 nt
746 4034 834 4076 me
869 4037 985 4077 non
1021 4024 1201 4078 solum
1237 4022 1425 4079 omnia
1462 4022 1667 4079 debere
1702 4028 1801 4078 tna
1835 4037 2037 4086 eausa,
2074 4040 2209 4092 quae
2233 4019 2468 4091 possim,
2514 4019 2615 4074 sed

354 4107 523 4163 etiam
561 4121 709 4177 quae
755 4122 872 4162 non
906 4108 1146 4178 possim,
1191 4116 1402 4178 putem.
1464 4106 1590 4164 Val.
1628 4106 1775 4164 Max.
1814 4107 1894 4163 1v
1931 4111 1979 4174 8,
2019 4111 2042 4163 1
2084 4108 2227 4164 alter
2273 4106 2421 4161 enim
2453 4103 2619 4176 ‘quod

353 4198 546 4263 potest
580 4198 853 4263 praestat,
890 4193 1030 4250 alter
1067 4194 1232 4250 etiam
1268 4195 1401 4266 plns
1435 4209 1604 4265 quam
1638 4198 1847 4263 potest.

490 4282 573 4334 23.
622 4278 936 4335 adventoria
968 4296 1098 4334 oua.-
1147 4280 1269 4337 scil.
1311 4296 1469 4337 cena.
1530 4279 1760 4338 Sueten.
1797 4279 1992 4337 Vitell.
2032 4296 2080 4336 c.
2127 4282 2185 4332 13
2235 4293 2376 4335 cena
2410 4307 2480 4316 —
2515 4275 2617 4331 ad-

354 4366 622 4423 ventieia.

472 4474 541 4615 ιο
822 4347 3192 4854 wasta—arm

3155 5011 3191 5041 k
