3192 5084
526 377 608 440 '78
1348 376 1418 431 M.
1454 376 1667 433 Valerii
1702 377 1977 433 Martialis

694 546 955 613 Invidet
998 549 1110 613 ille
1153 548 1304 628 tibi;
1355 549 1624 634 Stygias
1668 569 1819 614 nam
1864 550 2091 616 Tullus
2140 549 2227 616 ad
2271 551 2479 618 undas

779 657 1080 742 Optabat‚
1131 661 1427 742 quamvis
1473 663 1558 726 sit
1601 662 1825 741 minor,
1873 663 1970 726 ire
2011 663 2203 745 prior.

612 779 644 833 5
693 772 793 836 Tu
840 771 1000 836 colis
1041 771 1303 854 Elysios
1347 774 1758 855 nemorisque
1801 772 2128 839 habitator
2172 777 2425 841 amoeni

777 883 940 947 Esse
984 890 1093 948 tuo
1137 884 1413 967 primum
1458 904 1628 949 nune
1671 886 1813 949 sine
1857 883 2056 949 fratre
2102 887 2309 968 cupis3

692 994 774 1060 Et
818 994 873 1058 si
916 995 1048 1058 iam
1092 993 1316 1059 nitidis
1361 996 1649 1060 alternus
1693 997 1875 1061 venit
1917 995 2000 1060 ab
2046 997 2237 1061 astri's

778 1106 901 1170 Pro
947 1105 1228 1185 Polluee,
1275 1125 1497 1171 mones
1543 1107 1815 1172 Castora
1858 1126 1940 1171 ne
1985 1106 2232 1173 redeat.

1572 1278 1716 1342 LII.

692 1387 763 1453 Si
810 1388 1019 1453 credis
1065 1388 1239 1469 mihi,
1289 1387 1544 1465 Quinte.
1594 1389 1767 1471 quod
1809 1392 2093 1469 mereris,

690 1501 976 1580 Natales,
1027 1497 1239 1580 Ovidi,
1284 1508 1431 1565 tuas
1475 1499 1735 1585 Apriles

690 1611 778 1678 Ut
819 1619 1073 1676 nostras
1120 1631 1264 1677 amo
1308 1612 1577 1677 Martias
1622 1612 1978 1678 Kalendas.

685 1722 875 1787 Felix
920 1730 1191 1805 utraque
1235 1725 1347 1787 lux
1392 1720 1664 1805 diesque
1708 1722 1894 1789 nobis

605 1843 637 1897 5
688 1833 1005 1917 Signandi
1050 1833 1423 1899 melioribus
1463 1834 1737 1916 lapillis!

684 1946 810 2010 Hie
854 1946 1053 2010 vitam
1098 1944 1339 2023 tribuit,
1387 1942 1505 2008 sed
1547 1943 1658 2008 hio
1700 1946 1991 2009 amioum.

684 2058 838 2121 Plus
884 2056 1062 2137 dant,
1113 2053 1372 2135 Quinte,
1423 2054 1581 2119 mihi
1627 2062 1779 2119 tuae
1823 2054 2182 2122 Kalendae.

1553 2226 1731 2290 LIII.
1788 2290 1792 2296 .

681 2344 903 2411 Natali
945 2344 1084 2423 tibi,
1134 2342 1388 2424 Quinte,
1433 2352 1543 2409 tuo
1589 2342 1747 2410 dare
1789 2365 1995 2429 parva
2038 2347 2336 2413 volebam

768 2457 1065 2535 Munera3
1112 2463 1183 2521 tu
1228 2454 1555 2540 prohibes:
1605 2457 1989 2540 imperiosus
2032 2458 2221 2524 homo
2268 2479 2360 2525 es.

682 2566 1046 2632 Parendum
1092 2574 1191 2632 est
1232 2568 1510 2645 monitis,
1556 2566 1672 2634 fiat
1715 2568 1887 2651 quod
1932 2577 2200 2653 uterque
2243 2573 2532 2637 volemus

767 2679 851 2745 Et
892 2676 1068 2761 quod
1111 2686 1451 2761 utrumque
1494 2680 1706 2744 iuvat:
1754 2688 1827 2745 tu
1869 2680 2048 2761 mihi,
2096 2681 2350 2765 Quinte,
2401 2684 2574 2750 dato.

642 2883 718 2937 LI
754 2887 803 2937 7.
856 2885 904 2936 8.
963 2885 1174 2953 Inter-p.
1226 2885 1360 2938 nach
1407 2885 1631 2938 Munro.
1709 2886 1894 2950 astris,
1929 2886 2164 2942 Polluce
2201 2890 2331 2942 olma
2366 2890 2597 2943 Komma
2635 2890 2775 2942 Sclm

518 2970 779 3108 Gffigltll
817 3056 863 3106 3.
914 3054 1165 3110 volemus
1203 3056 1303 3109 Εω
1342 3055 1519 3110 Vind³
1586 3056 1803 3111 volenti
1849 3057 1900 3109 Τ
1945 3056 2210 3126 jubemus
2248 3059 2410 3121 PQF
2423 3059 2537 3111 Ser.
2596 3074 2773 3113 vove-

506 3157 630 3196 mus
675 3142 818 3194 Hm.

642 3310 716 3364 LI
753 3314 804 3363 3.
865 3308 995 3377 νει.
1033 3325 1103 3363 zu
1137 3309 1219 3363 vl
1256 3312 1338 3373 58,
1378 3311 1424 3361 ³.

641 3489 688 3540 3.
741 3488 956 3558 Styqias
988 3516 1058 3525 —
1092 3488 1275 3540 unda-⁹.
1347 3489 1429 3543 ΖΠ
1462 3488 1491 3543 Ι
1528 3490 1610 3554 78,
1647 3491 1698 3541 4.

642 3575 692 3626 5.
743 3572 961 3642 Elysios
1005 3588 1085 3627 se.
1140 3588 1389 3641 campos.
1464 3570 1591 3629 Wie
1637 3577 1850 3630 Luean.
1889 3573 1969 3629 VI
2005 3577 2106 3628 699
2143 3573 2284 3646 Styx
2332 3583 2390 3631 et
2432 3591 2578 3645 quos
2613 3579 2774 3634 nulla

503 3665 743 3713 meretur
779 3657 1070 3713 Thessalis
1106 3657 1348 3727 Elysios.

641 3747 688 3796 7.
738 3745 987 3797 alternus.
1067 3742 1122 3796 X
1157 3746 1237 3809 51,
1276 3746 1307 3796 2
1345 3744 1620 3799 alternum
1657 3742 1911 3800 Castora.

640 3830 688 3883 8.
752 3827 846 3882 Du
890 3816 1007 3884 bist
1052 3829 1232 3884 selbst
1265 3828 1357 3883 fur
1404 3828 1606 3885 Castor
1658 3830 1752 3885 ein
1794 3829 2033 3885 Vorbild
2084 3830 2183 3885 der
2224 3831 2606 3901 Bruderliebe,
2653 3837 2770 3891 und

502 3915 787 3969 ermahnst
826 3912 926 3968 ihn
961 3914 1140 3969 durch
1177 3915 1311 3969 dein
1345 3914 1626 3984 Beispiel,
1673 3931 1819 3984 ganz
1854 3916 1913 3970 in
1949 3916 2048 3971 der
2074 3915 2386 3974 Unterwelt
2420 3934 2491 3974 zu
2527 3920 2767 3986 bleiben,

499 4015 594 4053 um
630 3999 808 4055 damit
834 3999 961 4053 dem
984 3999 1201 4056 Bruder
1237 4001 1351 4056 den
1372 4000 1909 4057 immerwiihrenden
1942 4000 2286 4059 Aufenthalt
2320 4005 2395 4059 im
2425 4004 2662 4060 Himmel
2700 4022 2770 4061 zu

506 4084 795 4141 erkaufen.

638 4171 743 4227 LII
780 4172 828 4224 2.
906 4169 1082 4225 Ovidi.
1156 4172 1239 4226 Zu
1273 4171 1301 4224 I
1340 4174 1451 4226 105.

641 4260 687 4311 3.
761 4255 1002 4310 Martias
1036 4258 1329 4313 Kalendas.
1399 4258 1514 4314 uxo
1551 4258 1899 4329 Geburtstag
1933 4258 1988 4313 x
2024 4261 2105 4323 24,
2149 4262 2171 4312 1
2212 4259 2322 4314 ΧΗ
2358 4263 2440 4314 60.

640 4345 689 4396 5.
765 4342 847 4397 Zu
880 4340 1022 4397 VIII
1057 4344 1144 4404 45,
1185 4345 1231 4396 2.
