3192 5084
498 310 586 372 55
1299 301 1372 357 M.
1411 301 1624 358 Valerii
1658 300 1933 358 Martialis

673 475 809 544 Sed
851 484 924 544 tu
968 475 1226 561 syllaba
1269 482 1615 540 contumax
1657 492 2003 558 repugnas,

678 589 919 654 Dicunt
960 587 1267 653 Eiarinon
1311 591 1530 651 tamen
1573 592 1828 670 poetae,

676 698 811 767 Sed
855 699 1106 778 Graeci,
1156 697 1390 781 quibus
1434 702 1537 762 est
1578 695 1742 762 nihil
1785 704 2091 782 negatum

554 820 629 876 15
675 813 759 878 Et
802 828 962 894 quos
992 800 1164 896 Ἆρες
1199 800 1376 895 Ἄρες
1418 807 1607 874 decet
1647 825 1905 874 sonare:

674 922 881 989 Nobis
925 941 1054 987 non
1097 920 1249 986 licet
1292 937 1437 986 esse
1478 925 1614 985 tam
1659 918 1936 999 disertis,

679 1033 805 1112 Qui
848 1034 1070 1099 Musas
1114 1032 1382 1097 colimus
1426 1031 1808 1096 severiores.
1935 1020 1940 1025 ’

1563 1167 1713 1233 XII.

680 1280 751 1346 Si
797 1280 983 1346 daret
1027 1287 1371 1346 autumnus
1415 1277 1572 1344 mihi
1617 1298 1867 1360 nomen,
1916 1277 2231 1363 Oporinos
2276 1298 2514 1360 essem,

764 1390 1043 1457 Horrida
1086 1391 1142 1456 si
1186 1390 1454 1456 brumae
1498 1388 1731 1470 sidera⁷
1778 1389 2208 1467 Chimerinos;

682 1503 912 1569 Dictus
956 1502 1041 1568 ab
1087 1502 1333 1567 aestivo
1378 1500 1697 1567 Therinos
1741 1501 1860 1568 tibi
1905 1520 2127 1567 mense
2168 1521 2465 1569 vocarer:

766 1615 1090 1699 Tempora
1133 1613 1235 1679 cui
1279 1632 1514 1679 nomen
1556 1632 1761 1679 verna
1805 1611 2062 1694 dedere,
2110 1613 2257 1696 quis
2301 1617 2444 1680 esti

1544 1750 1735 1815 XIII.

680 1863 935 1929 Nomen
976 1862 1182 1928 habes
1225 1860 1434 1927 teneri
1478 1859 1653 1944 quod
1696 1867 1989 1946 tempora
2032 1869 2364 1947 nuncupat
2407 1863 2579 1941 anni,

777 1974 940 2040 Cum
983 1973 1182 2039 breve
1226 1972 1578 2056 Cecropiae
1620 1991 1738 2037 ver
1779 1973 2172 2057 populantur
2214 1992 2405 2058 apes;

686 2086 938 2152 Nomen
980 2082 1283 2150 Acidalia
1325 2084 1559 2149 meruit
1603 2082 1778 2167 quod
1821 2083 2184 2150 harundine
2223 2085 2430 2170 pingi,

771 2194 959 2274 Quod
1001 2195 1325 2280 Cytherea
1367 2214 1491 2262 sua
1532 2195 1816 2261 seribere
1859 2195 2104 2280 gaudet
2146 2215 2297 2277 acu3

605 2317 639 2372 5
682 2308 935 2373 Nomen
977 2307 1355 2392 Erythraeis
1399 2306 1574 2390 quod
1615 2308 1833 2374 littera
1874 2306 2052 2373 facta
2092 2308 2353 2393 lapillis,

773 2418 1046 2484 Gemma
1088 2398 1264 2501 quod
1307 2417 1656 2485 Heliadum
1699 2419 1934 2504 pollice
1975 2420 2129 2485 trita
2171 2426 2375 2499 notet;

685 2527 875 2607 Quod
918 2529 1118 2614 pinna
1160 2530 1483 2597 scribente
1524 2548 1719 2615 grues
1765 2528 1853 2595 ad
1896 2528 2115 2595 sidera
2157 2531 2419 2611 tollant;

775 2639 963 2718 Quod
1007 2639 1195 2708 decet
1234 2642 1306 2707 in
1349 2641 1492 2708 sola
1535 2641 1838 2707 Caesaris
1884 2659 2028 2708 esse
2080 2641 2284 2708 domo.

653 2801 738 2856 XI
775 2802 856 2857 12.
918 2817 1203 2873 repugnas
1239 2803 1606 2857 EquerSehn
1673 2802 1916 2861 rebellas
1950 2803 2121 2871 §BQR

654 2886 800 2943 XIII
833 2890 882 2940 7.
940 2888 1119 2957 piuna
1155 2887 1437 2944 PEAFG
1506 2903 1698 2957 penna
1735 2892 1847 2952 ραι.

580 3109 621 3164 ll
654 3024 796 3080 XIII
830 3028 880 3081 7.
937 3025 1111 3096 Verg.
1147 3025 1221 3081 A.
1260 3025 1344 3081 IX
1377 3027 1476 3079 637
1514 3024 1814 3083 claudian.
1855 3042 2013 3082 cons.
2054 3025 2177 3082 Stil.
2211 3027 2296 3082 ΠΙ
2335 3030 2433 3081 196
2479 3028 2555 3084 ad
2586 3027 2789 3099 [sidera

516 3115 578 3167 to
623 3116 743 3166 unt.

660 3249 743 3302 12.
802 3248 1022 3317 cyllaba.
1075 3246 1158 3303 Zu
1194 3247 1222 3302 Ι
1257 3249 1341 3313 61,
1387 3250 1431 3301 1.
2843 3299 2850 3308 .

662 3335 741 3386 15.
790 3325 950 3404 Ἀρες
984 3328 1166 3406 Ἀρες.
1223 3332 1287 3389 11.
1324 3330 1369 3388 Ε
1412 3335 1475 3387 31
1514 3349 1570 3389 u.
1611 3336 1733 3387 455.
1803 3334 1983 3390 Lucil.
2020 3335 2167 3393 Satt.
2203 3337 2337 3393 rell.
2385 3337 2474 3393 ed.
2509 3336 2793 3396 LMueller

520 3419 606 3476 IV
632 3421 693 3485 (1)
716 3419 769 3474 d.
803 3418 1149 3483 (Lachmann
1182 3418 1354 3476 VIIII
1377 3420 1492 3484 313)
1532 3418 1853 3477 scribemus
1900 3436 2101 3490 pacem
2137 3421 2365 3491 placide
2399 3423 2598 3478 Ianum
2634 3425 2793 3481 aride

524 3509 747 3561 acetum
772 3497 931 3576 Ἀρες
955 3501 1119 3577 Ἀρες
1158 3504 1362 3561 Graeci
1396 3510 1463 3560 ut
1497 3503 1735 3562 faciunt.

663 3592 746 3643 17.
804 3591 998 3645 Musa-s
1030 3620 1101 3630 —
1133 3590 1440 3646 severiores.
1501 3589 1635 3661 Vgl.
1675 3589 1957 3647 LHueller
1989 3609 2033 3648 r.
2069 3610 2138 3647 m.
2176 3609 2234 3661 p.
2269 3595 2387 3647 409.

660 3674 800 3731 XIII
832 3678 884 3729 2.
946 3675 1006 3730 II
1040 3678 1124 3741 46,
1160 3678 1192 3728 2
1228 3674 1371 3732 Cum
1401 3675 1575 3732 breve
1612 3675 1874 3734 Sicaniae
1916 3692 2018 3733 ver
2052 3679 2402 3748 populantur
2437 3693 2591 3747 apes.
2652 3679 2793 3736 XIII

527 3763 642 3828 104,
682 3764 707 3814 1
746 3760 928 3817 heisst
962 3761 1055 3817 die
1090 3761 1268 3818 Biene
1303 3761 1512 3818 Thesei
1547 3762 1877 3833 populatrix
1911 3793 1981 3804 —
2014 3764 2283 3834 Hymetti.

661 3849 712 3903 3.
770 3846 1045 3901 Acidalia.
1105 3847 1185 3903 Zu
1219 3847 1301 3902 VI
1338 3849 1420 3914 13,
1457 3851 1508 3902 5.

659 3932 972 3987 harundine.
1041 3932 1162 3989 Das
1208 3934 1371 3989 beste
1417 3932 1788 3990 Schreibrohr
1833 3934 1965 3991 kam
2012 3951 2115 3993 aua
2160 3933 2472 4006 Aegypton
2513 3935 2654 3992 oder
2688 3951 2793 3991 aus

525 4017 756 4076 Cnidos.
816 4018 1144 4088 Marquardt
1175 4017 1286 4073 Prl.
1323 4021 1443 4085 800,
1483 4021 1535 4072 7.

662 4108 712 4160 5.
770 4103 1093 4175 Erythraeis
1125 4133 1198 4143 —
1230 4103 1446 4173 lapithis.
1505 4104 1587 4160 Zu
1621 4104 1676 4160 V
1712 4107 1795 4170 37,
1830 4109 1882 4161 4.
2069 4107 2121 4161 6.
2160 4103 2297 4175 Vgl.
2335 4104 2389 4160 V
2425 4108 2511 4172 37,
2554 4108 2635 4161 11.

665 4193 715 4243 7.
775 4189 1041 4246 Volando
1077 4189 1442 4258 exprimentis
1478 4189 1697 4246 litteras
1733 4190 1804 4255 Y,
1857 4189 1951 4247 eui
1985 4190 2295 4259 respondet
2328 4191 2506 4249 latina
2539 4190 2609 4258 V,
2646 4206 2795 4261 quae

526 4274 677 4331 veris
711 4275 894 4344 prima
928 4281 1034 4332 est.
1097 4272 1380 4330 Schrevel.
1438 4273 1568 4345 Vgl.
1607 4274 1743 4331 XIII
1779 4279 1861 4329 75.
