3192 5084
498 383 538 444 2
1312 375 1390 430 M.
1428 376 1643 433 Valerii
1679 377 1951 433 Martialis

669 550 1013 615 affectasse
1056 546 1435 629 videantur,
1502 567 1625 632 ego
1682 555 1899 613 tamen
1953 549 2089 614 illis
2145 570 2273 615 non
2327 552 2590 635 permisi
2636 560 2768 619 tam

668 660 913 726 lascive
972 658 1153 742 loqui
1208 679 1402 742 quam
1463 659 1695 725 solent.
1803 660 1964 726 Cum
2023 680 2174 745 pars
2230 662 2382 727 libri
2445 670 2509 728 et
2566 667 2770 730 maior

670 779 735 838 et
779 771 1006 836 melior
1063 771 1150 837 ad
1203 771 1613 836 maiestatem
1670 771 1839 836 sacri
1883 774 2159 838 nominis
2203 774 2297 839 tui
2343 775 2618 859 alligata
2663 778 2764 857 sit,

550 893 622 948 15
671 884 1038 948 meminerit
1067 902 1196 947 non
1225 883 1352 947 nisi
1397 881 1707 965 religiosa
1750 882 2195 966 purificatione
2229 885 2535 953 lustratos
2582 907 2768 953 acce-

670 994 825 1060 dere
870 992 956 1059 ad
986 994 1231 1079 templa
1272 993 1528 1060 debere.
1592 992 1780 1071 Quod
1811 1001 1883 1059 ut
1911 993 2377 1061 custoditurum
2407 1019 2509 1063 me
2541 999 2769 1065 lecturi

669 1107 911 1185 sciant,
960 1107 1027 1169 in
1082 1106 1224 1188 ipso
1281 1104 1486 1170 libelli
1543 1104 1738 1170 huius
1789 1105 2011 1170 limine
2053 1106 2338 1191 profiteri
2391 1108 2769 1176 brevissimo

671 1217 917 1302 placuit
962 1217 1444 1301 epigrammate.

1601 1406 1650 1469 I.

672 1517 1066 1600 Laurigeros
1110 1515 1376 1597 domini,
1427 1515 1611 1593 liber,
1661 1517 1973 1583 intrature
2018 1527 2288 1600 penates

760 1629 959 1692 Disce
1004 1626 1368 1693 verecundo
1413 1628 1702 1692 sanctius
1747 1647 1856 1692 ore
1899 1628 2093 1711 loqui.

672 1738 868 1806 Nuda
912 1739 1145 1805 recede
1189 1739 1439 1813 Venus;
1485 1758 1615 1804 non
1661 1745 1761 1805 est
1803 1746 1952 1805 tuus
1995 1741 2121 1805 iste
2164 1740 2458 1808 libellus:

762 1852 865 1916 Tu
910 1849 1089 1931 mihi,
1134 1857 1205 1916 tu
1249 1850 1471 1915 Pallas
1515 1850 1931 1925 Caesariana,
1980 1852 2148 1915 veni.

1590 2037 1674 2101 ΙΙ.

674 2152 1013 2217 Fastorum
1057 2149 1313 2231 genitor
1354 2167 1723 2231 parensque
1767 2148 1964 2213 Ianus

673 2261 996 2326 Victorem
1041 2259 1230 2325 modo
1276 2278 1421 2324 cum
1465 2258 1720 2325 videret
1763 2260 1986 2339 Histri,

675 2373 802 2437 Tot
844 2371 1064 2436 vultus
1109 2369 1235 2436 sibi
1278 2390 1406 2436 non
1451 2372 1613 2436 satis
1657 2370 1909 2455 putavit

677 2482 1073 2568 Optavitque
1118 2483 1336 2548 oculos
1381 2481 1625 2547 habere
1671 2484 1916 2566 plures:

642 2706 896 2776 Epn'stola
938 2709 1016 2758 14.
1077 2704 1313 2775 alligata
1350 2704 1555 2766 QEFm
1570 2705 1712 2758 Sdm
1783 2704 2031 2776 allegata
2069 2708 2136 2761 X
2145 2708 2259 2761 Ser.

648 2896 729 2948 12.
764 2896 843 2947 13.
886 2899 994 2947 tam
1030 2893 1221 2948 lascive
1257 2892 1407 2965 loqui
1439 2912 1597 2963 quam
1632 2895 1818 2948 solent.
1858 2895 1887 2948 1
1921 2895 2103 2965 Epist.
2130 2894 2168 2950 1.
2197 2899 2229 2950 9
2254 2912 2298 2952 s.
2341 2897 2613 2952 lascivam
2649 2912 2777 2952 ver-

506 2980 703 3036 borum
739 2981 1034 3035 veritatem
1069 2980 1106 3033 i.
1149 2994 1196 3033 e.
1235 2979 1685 3049 epigrammaton
1719 2980 1985 3050 linguam.

648 3069 730 3117 13.
764 3068 842 3117 14.
887 3067 1019 3120 C‘um
1044 3083 1183 3134 para
1218 3064 1350 3118 libri
1367 3093 1438 3102 —
1461 3066 1535 3117 ad
1562 3065 1892 3119 maiestatem
1913 3065 2061 3119 sacri
2075 3065 2304 3118 nominis
2330 3065 2416 3118 tui
2435 3066 2655 3136 alligata
2689 3067 2778 3122 sit.

504 3150 613 3205 Die
650 3149 755 3205 auf
785 3151 899 3204 den
944 3150 1147 3204 Kaiser
1192 3148 1570 3217 bezuglichen
1619 3150 1977 3220 Epigramme
2027 3150 2156 3204 sind
2203 3148 2515 3220 gleichsam
2563 3167 2637 3206 an
2685 3151 2777 3207 die

506 3235 777 3304 Majestat
813 3236 998 3291 seines
1032 3234 1278 3289 Namens
1314 3234 1637 3302 gebunden.

643 3322 671 3374 I
713 3324 755 3373 1.
796 3319 1123 3391 Lauriqeroe
1157 3350 1226 3359 —
1253 3324 1477 3389 penates
1515 3343 1575 3364 =
1617 3319 1728 3373 XII
1764 3322 1812 3383 3,
1855 3323 1934 3372 11.
2005 3320 2124 3377 Das
2173 3321 2520 3378 Kaiserhaus
2556 3322 2781 3379 scheint

507 3406 776 3463 hiernach
815 3407 939 3461 eine
964 3406 1253 3461 dauernde
1287 3404 1902 3475 Lorbeerbekriinzung
1925 3407 2140 3476 gehabt
2174 3424 2246 3462 zu
2269 3408 2456 3464 haben
2489 3408 2606 3463 Res
2631 3415 2776 3477 gest.

505 3493 574 3548 D.
613 3492 763 3563 Aug.
805 3495 856 3558 6,
901 3495 959 3544 17
1001 3508 1048 3547 c.
1078 3494 1143 3544 34
1178 3490 1386 3546 laureis
1431 3497 1631 3559 postes
1680 3492 1906 3547 aedium
1953 3508 2198 3548 mearum
2236 3511 2289 3549 v.
2319 3537 2330 3548 .
2361 3534 2375 3549 .
2401 3532 2414 3545 .
2502 3493 2632 3563 Vgl.
2670 3495 2782 3550 den

509 3578 866 3634 Commentar
902 3580 1239 3634 Mommsens
1275 3578 1364 3632 ed.
1402 3580 1431 3628 2
1471 3593 1525 3645 p.
1568 3580 1737 3630 149-
1780 3581 1891 3630 151.

645 3668 694 3718 4.
734 3665 918 3718 Pallas
944 3663 1282 3720 Caesariana.
1332 3661 1517 3718 Ueber
1554 3664 1667 3718 den
1702 3664 2181 3721 Minervencultus
2215 3665 2537 3722 Domitiana
2571 3665 2783 3722 Preller

508 3750 617 3806 Ru
651 3751 681 3804 Ι
718 3753 836 3804 297.

646 3837 720 3890 ΙΙ.
787 3834 1021 3891 Scheint
1055 3835 1147 3890 bei
1185 3833 1557 3904 Gelegenheit
1593 3835 1696 3891 des
1730 3834 2014 3905 Einzuges
2050 3836 2346 3906 gedichtet
2381 3853 2452 3895 zu
2489 3838 2628 3892 sein.

648 3925 694 3977 3.
734 3926 812 3975 tot
848 3923 1039 3975 vultus.
1082 3920 1155 3974 M.
1188 3921 1365 3977 denkt
1400 3921 1522 3976 hier
1555 3922 1676 3976 und
1711 3939 1763 3976 v.
1786 3925 1834 3987 5,
1859 3922 1966 3976 wie
2001 3922 2212 3978 bereits
2247 3921 2477 3979 Servius
2514 3922 2589 3977 ad
2612 3920 2780 3992 Verg.

514 4008 587 4064 A.
614 4007 722 4062 ΧΠ
763 4010 860 4061 198
897 4007 1166 4071 hemerkt,
1204 4023 1277 4062 an
1313 4008 1408 4063 ein
1441 4007 1572 4062 Bild
1610 4008 1713 4063 des
1736 4007 1919 4063 Janus
1955 4008 2057 4062 mit
2093 4012 2122 4060 4
2149 4006 2499 4073 Gesichtern,
2535 4007 2641 4062 wie
2679 4006 2783 4063 das

512 4093 817 4164 angeblich
866 4095 963 4145 513
1004 4116 1067 4140 =
1106 4095 1201 4146 241
1243 4093 1423 4149 durch
1472 4091 1744 4148 Camillus
1790 4093 1940 4148 nach
1975 4093 2122 4148 Rom
2166 4093 2488 4164 gebrachte.
2563 4092 2784 4148 Jordan

511 4178 603 4235 bei
648 4179 861 4234 Preller
895 4179 1004 4233 ΒΜ
1038 4180 1064 4233 1
1105 4182 1220 4243 176,
1256 4183 1314 4243 4;
1370 4177 1514 4247 Top.
1560 4179 1589 4232 1
1626 4182 1673 4243 2,
1709 4180 1811 4232 449
1836 4177 1909 4244 f.;
1962 4179 2080 4249 vgl.
2136 4182 2252 4245 347,
2298 4180 2380 4231 46.
2457 4178 2684 4234 Ebenso
2731 4178 2784 4232 X

512 4267 596 4330 28,
621 4268 654 4319 6
690 4265 763 4320 Et
810 4264 938 4321 fora
981 4271 1069 4319 tot
1118 4279 1393 4329 numeras,
1441 4266 1596 4329 Iane,
1651 4271 1793 4336 quot
1828 4281 1927 4320 ora
1961 4267 2129 4336 geris.
2193 4264 2340 4335 (Vgl.
2378 4265 2471 4321 (lie
2506 4261 2672 4319 Anm.
2714 4280 2784 4319 zu

512 4350 726 4405 diesem
761 4351 1120 4420 Epigramm).
1568 4367 1579 4377 ·
2835 4340 2843 4347 ’
