3192 5084
488 370 584 446 '76
1320 380 1391 435 M.
1428 380 1643 436 valerii
1677 379 1948 436 Martialis

754 553 837 618 Et
880 571 1061 636 spem
1107 553 1479 619 muneribus
1524 553 1803 618 fovimus
1849 570 2054 635 usque
2100 551 2287 618 datis.

590 674 622 728 5
672 665 848 731 Inter
892 684 1058 747 quae
1103 665 1233 729 rari
1276 664 1667 729 Laurentem
1711 662 2014 748 ponderis
2059 683 2284 748 aprum

757 777 1079 842 Misimus:
1128 775 1359 842 Aetola
1404 774 1486 841 de
1533 773 1870 860 Calydone
1915 782 2125 859 putee.

672 886 758 952 At
801 895 871 952 tu
915 889 1211 953 continuo
1257 888 1692 970 populumque
1736 895 2086 971 patresque
2129 887 2407 966 vocasti3

758 1000 992 1064 Ructat
1034 998 1247 1063 adhuc
1290 1018 1518 1081 aprum
1563 996 1811 1082 pallida
1854 999 2059 1063 Roma
2102 1018 2332 1063 meum.

671 1112 825 1195 Ipse
868 1129 1012 1193 ego,
1052 1147 1128 1157 --
1163 1111 1308 1193 quis
1339 1109 1602 1175 credat?
1629 1147 1715 1156 —
1745 1111 2019 1175 conviva
2047 1129 2167 1175 nec
2196 1111 2458 1176 ultimus
2489 1110 2697 1192 haesi,

554 1231 625 1286 10
762 1220 895 1287 Sed
938 1241 1058 1286 nec
1102 1228 1281 1286 costa
1325 1220 1481 1286 data
1525 1228 1625 1287 est
1668 1220 1961 1287 caudave
2003 1221 2205 1286 missa
2247 1221 2424 1286 mihi.

673 1335 775 1398 De
820 1331 1177 1415 quadrante
1221 1340 1329 1397 tuo
1376 1330 1536 1415 quid
1580 1350 1858 1417 sperem,
1910 1331 2220 1397 Garrice?
2283 1333 2480 1397 Nulla

760 1446 861 1509 De
905 1450 1119 1509 nostro
1165 1443 1348 1510 nobis
1393 1445 1586 1509 uncia
1629 1444 1808 1509 venit
1854 1463 2032 1527 apro,

1516 1615 1749 1680 XLIX.

673 1729 853 1792 Haec
897 1735 994 1792 est
1037 1727 1153 1791 illa
1195 1728 1358 1792 meis
1400 1728 1669 1792 multum
1718 1733 1976 1792 cantata
2017 1727 2282 1807 libellis,

762 1837 969 1916 Quam
1014 1857 1195 1903 meus
1241 1837 1509 1903 edidicit
1549 1840 1751 1902 lector
1795 1845 2096 1920 amatque
2139 1846 2380 1921 togam.

675 1949 1115 2015 Partheniana
1158 1948 1281 2015 fuit
1325 1948 1670 2031 quondam,
1716 1948 2135 2013 memorabile
2181 1951 2354 2015 vatis

756 2062 1017 2125 Munus:
1065 2060 1133 2123 in
1175 2059 1300 2125 hac
1340 2059 1517 2124 ibam
1563 2058 2057 2143 conspiciendus
2102 2078 2320 2142 equeS,

590 2182 625 2236 5
674 2173 849 2260 Dum>
887 2190 1076 2249 nova,
1123 2171 1276 2236 dum
1321 2169 1528 2234 nitida
1571 2170 1864 2253 fulgebat
1908 2170 2253 2254 splendida
2294 2173 2450 2236 lana

756 2284 1056 2364 Dumque
1103 2289 1242 2347 erat
1285 2282 1563 2346 auctoris
1608 2283 1865 2346 nomine
1910 2281 2112 2364 digna
2155 2284 2279 2347 sui.

669 2395 857 2460 Nunc
901 2411 1063 2457 anus
1109 2400 1173 2458 et
1212 2393 1483 2458 tremulo
1530 2394 1640 2457 vix
1686 2392 2068 2477 accipienda
2109 2394 2353 2474 tribuli,

759 2502 966 2581 Quam
1011 2504 1223 2587 possis
1267 2505 1526 2570 niveam
1571 2503 1790 2569 dicere
1834 2507 1974 2570 iure
2017 2513 2145 2571 tuo.

636 2718 878 2774 XLVIII
915 2720 960 2772 8.
1020 2717 1238 2787 pallida
1274 2719 1465 2772 Douza
1502 2719 1628 2772 Hm
1666 2717 1844 2773 Sclffl
1913 2719 2100 2775 calida
2133 2721 2238 2789 5130
2307 2719 2517 2776 callida
2561 2721 2775 2782 TQEF

498 2808 599 2861 Sor
620 2807 787 2860 Solam
860 2803 1078 2860 Gallice
1121 2802 1385 2869 (Garrice)
1428 2803 1682 2876 Scaliqer.

637 2994 821 3048 XLIX
870 2995 917 3046 1.
999 2992 1162 3048 Ovid.
1209 2992 1334 3046 Am.
1380 2992 1437 3046 II
1487 2995 1566 3057 17,
1614 2994 1677 3045 33
1737 2995 1945 3050 nostris
2008 2995 2327 3051 cantabitur
2384 2994 2485 3048 illa
2543 2994 2765 3050 libellis.

498 3081 884 3149 Pseudoverg.
920 3078 1091 3134 Dirae
1134 3079 1439 3145 (Baehrens
1474 3079 1600 3132 le
1622 3079 1681 3132 Π
1706 3082 1785 3144 73)
1813 3082 1877 3132 26
1913 3080 2157 3135 Lusibus
2195 3086 2253 3134 et
2287 3079 2496 3134 nostris
2532 3079 2766 3135 multum

502 3172 736 3223 cantata
767 3163 993 3220 libellis.
1082 3167 1131 3217 4.
1169 3162 1294 3218 Tib.
1331 3164 1359 3218 1
1393 3166 1441 3229 2,
1479 3168 1544 3216 70
1581 3164 2024 3232 conspiciendus
2060 3179 2206 3235 equo
2244 3163 2405 3219 Ovid.
2443 3162 2533 3219 Tr.
2571 3164 2628 3219 ΙΙ
2667 3167 2767 3218 114

504 3249 946 3321 conspiciendus
982 3264 1174 3318 eques.

637 3419 879 3473 XLVIII
902 3420 953 3471 4.
1027 3416 1118 3472 SG
1152 3416 1180 3470 I
1217 3418 1317 3470 368
1355 3415 1396 3471 f.

636 3510 688 3558 5.
742 3505 1063 3557 Laurentem
1097 3533 1165 3540 —
1201 3520 1407 3572 aprum.
1478 3500 1533 3554 X
1569 3504 1652 3568 45,
1691 3505 1721 3554 4
1759 3502 2052 3558 Laurentis
2089 3532 2157 3541 —-
2193 3505 2334 3572 apri.

637 3593 689 3643 e.
749 3588 1028 3658 Calydone.
1103 3588 1184 3642 Zu
1218 3587 1247 3641 1
1288 3589 1405 3653 104,
1443 3588 1492 3640 6.

637 3679 684 3728 7.
724 3675 1088 3744 populumque
1114 3677 1419 3742 patresque.
1491 3672 1571 3726 Zu
1607 3672 1740 3726 VIII
1777 3670 1860 3739 50,
1900 3677 1945 3726 7.

638 3763 686 3813 8.
727 3759 954 3830 pallida.
1027 3758 1095 3812 In
1129 3757 1307 3828 Folge
1344 3758 1445 3813 der
1478 3757 2276 3827 Verdauungsbeschwerden.

642 3849 721 3901 11.
772 3846 959 3900 Nulla.
1056 3844 1240 3901 Ueber
1300 3845 1412 3900 den
1461 3842 1695 3914 Anfang
1748 3845 1849 3901 des
1903 3843 2099 3902 Satzes
2153 3863 2225 3902 an
2274 3848 2459 3903 dieser
2503 3847 2676 3904 Stelle
2722 3849 2767 3902 L

499 3933 733 3989 Mueller
768 3948 811 3987 r.
852 3948 923 3985 m.
965 3948 1020 4000 p.
1058 3933 1177 3986 234.

638 4017 837 4073 XLIX.
910 4017 992 4071 Zu
1026 4015 1163 4070 Vm
1200 4017 1282 4068 28.

640 4108 686 4158 3.
736 4103 888 4157 vatia.
962 4104 1041 4157 Zu
1077 4101 1159 4156 IV
1192 4106 1278 4155 45.

641 4192 689 4242 4.
740 4208 909 4259 eques.
985 4187 1171 4244 Ueber
1207 4189 1318 4244 den
1353 4187 1710 4244 Ritterstand
1744 4188 1866 4243 M.'s
1902 4189 2015 4259 vgl.
2055 4191 2147 4247 die
2181 4191 2328 4246 Einl.
2371 4190 2424 4246 S.
2462 4194 2508 4246 6.

637 4277 685 4329 7.
733 4274 935 4328 tribuli.
1006 4273 1088 4328 IX
1123 4277 1204 4339 57,
1242 4275 1272 4326 8
1310 4273 1532 4342 pallens
1569 4280 1710 4345 toga
1743 4274 1947 4330 mortui
1983 4276 2222 4332 tribulis.

638 4362 685 4413 8.
733 4359 955 4413 niveam.
1027 4361 1109 4415 Zu
1144 4358 1227 4414 IV
1263 4363 1348 4423 34,
1392 4362 1440 4416 2.
