3192 5084
979 358 1443 427 Epigrammaton
1476 354 1646 412 Liber
1679 354 1764 409 IX
1816 354 1978 419 (editt
2011 356 2121 413 94).
2612 360 2686 421 71

691 531 850 596 Plus
893 529 1088 596 debet
1130 530 1320 593 matri
1365 530 1544 594 nulla
1586 528 1809 612 puella
1851 545 2029 592 suae.

518 653 553 707 5
602 645 914 709 Laetatur
956 641 1219 725 gemina
1260 646 1551 705 votorum
1596 647 1767 705 sorte
1811 639 2096 718 maritus,

692 754 977 837 Contigit
1017 753 1188 818 hune
1230 751 1329 816 illi
1372 750 1546 834 quod
1588 750 1691 816 bis
1736 769 1956 816 amare
2001 748 2195 815 diem.

1491 896 1630 961 XL.

608 1011 926 1094 Tarpeias
969 1008 1292 1075 Diodorus
1338 1007 1424 1074 ad
1467 1025 1736 1073 eoronas

606 1124 875 1188 Romam
920 1140 1064 1185 eum
1108 1126 1359 1204 peteret
1400 1118 1612 1184 Pharo
1657 1119 1904 1201 relicta,

606 1234 800 1299 Vovit
842 1252 959 1318 pro
1004 1231 1217 1297 reditu
1259 1231 1380 1294 viri
1425 1230 1777 1309 Philaenium
1879 1266 1884 1271 ·

609 1345 800 1409 Illam
842 1345 1120 1427 lingeret
1163 1349 1235 1407 ut
1279 1342 1499 1426 puella
1543 1341 1844 1426 simplex,

525 1464 560 1520 5
609 1454 816 1534 Quam
861 1462 1082 1521 castae
1127 1472 1382 1536 quoque
1428 1451 1711 1536 diligunt
1752 1453 2033 1537 puellae.

606 1568 922 1651 Dispersa
964 1573 1103 1631 rate
1145 1565 1440 1630 tristibus
1483 1564 1784 1649 procellis

606 1679 853 1744 Mersus
896 1676 1197 1742 fluetibus
1241 1676 1636 1758 obrutusque
1677 1682 1873 1759 ponto

607 1788 711 1855 Ad
752 1796 971 1855 votum
1016 1787 1338 1854 Diodorus
1383 1788 1690 1853 enatavit.

608 1900 662 1968 Ο
707 1899 930 1966 tard‘us
974 1900 1164 1964 nimis
1211 1907 1276 1966 et
1317 1901 1504 1985 piger
1546 1899 1845 1964 maritus!

484 2022 560 2077 10
606 2012 745 2077 Hoc
786 2013 854 2076 in
896 2012 1082 2077 litore
1126 2012 1183 2076 si
1227 2011 1449 2095 puella
1492 2017 1711 2076 votum

608 2124 897 2189 Fecisset
940 2141 1105 2203 mea,
1151 2123 1443 2207 protinus
1488 2121 1820 2188 redissem.

1475 2285 1649 2350 XLI.

608 2398 893 2479 Pontice,
943 2395 1115 2480 quod
1161 2416 1489 2479 nunquam
1533 2395 1759 2477 futuiS,
1810 2395 1928 2462 sed
1971 2398 2222 2483 paelice
2266 2398 2461 2465 laeva

692 2507 911 2574 Uteris
956 2515 1022 2574 et
1063 2508 1301 2579 Veneri
1345 2509 1547 2574 servit
1590 2509 1802 2573 amica
1844 2527 2092 2589 manus,

572 2695 670 2749 XL
705 2699 753 2750 4.
812 2696 1056 2766 lingeret
1088 2700 1172 2762 ut]
1211 2695 1427 2766 lingere
1474 2701 1540 2752 ut
1575 2700 1665 2751 est
1700 2697 1922 2750 Mum-o.
2061 2700 2109 2750 5.
2145 2697 2374 2766 puellae
2409 2700 2584 2756 EXA
2596 2704 2700 2759 OG

435 2781 613 2835 Sclm²
682 2779 925 2836 Sabinae
963 2781 1110 2842 QFm
1156 2783 1272 2852 (vql.
1310 2782 1417 2835 XI
1446 2790 1527 2846 15,
1564 2788 1618 2846 2)
1658 2781 1845 2835 Solen&

573 2865 699 2921 XLI
748 2868 795 2919 1.
858 2866 1099 2935 paelice]
1137 2866 1323 2936 pelice
1360 2868 1416 2921 P
1493 2867 1786 2936 paelieare
1818 2868 1982 2922 laena
2017 2869 2085 2922 F.

574 3037 822 3092 XXXIX
856 3041 905 3091 4.
965 3036 1094 3108 Vgl.
1132 3054 1202 3093 zu
1236 3039 1264 3092 I
1300 3041 1383 3104 76,
1419 3043 1468 3093 4.

573 3124 702 3179 XLI
737 3127 785 3177 2.
844 3124 1031 3193 Priap.
1069 3125 1151 3191 33,
1189 3127 1221 3177 6
1256 3123 1358 3180 fiat
1393 3125 1575 3180 amica
1610 3141 1826 3180 manue.
1888 3124 2020 3196 Vgl.
2059 3133 2252 3182 unten.

574 3296 674 3351 XL
713 3297 760 3351 1.
811 3295 1071 3366 Tarpeias
1102 3326 1174 3336 —
1206 3297 1281 3350 ad
1311 3315 1544 3351 coronas.
1616 3297 1727 3352 Zur
1759 3296 2111 3369 Bewerbung
2152 3315 2245 3355 um
2294 3301 2401 3357 den
2436 3305 2593 3362 PreIe
2626 3307 2702 3362 Im

437 3380 915 3452 capitolinisehen
947 3381 1121 3451 Agon
1154 3382 1230 3436 im
1265 3382 1319 3438 J.
1357 3384 1425 3435 94
1469 3384 1589 3438 und
1624 3399 1773 3439 zwar
1805 3384 1881 3438 im
1917 3381 2275 3455 Wettkampf
2311 3388 2412 3444 der
2455 3391 2701 3460 gfieehi-

438 3468 615 3524 sehen
646 3465 897 3521 Dichter.
970 3464 1061 3521 SG
1094 3466 1153 3521 Π
1190 3469 1309 3521 575.

575 3556 622 3607 3.
673 3552 831 3607 Vovit
851 3582 923 3592 —
945 3554 993 3605 4.
1031 3554 1197 3608 Illam
1232 3553 1468 3624 linqeret.
1504 3553 1613 3608 XII
1649 3555 1733 3621 90,
1773 3557 1794 3606 1
1829 3553 1941 3610 Pro
1978 3571 2128 3623 sene,
2166 3559 2270 3613 sed
2306 3560 2471 3628 clare,
2507 3572 2700 3620 votum

434 3640 592 3694 liare
627 3637 770 3694 feeit
804 3637 986 3693 amieo
1023 3668 1092 3678 —
1127 3641 1176 3692 4.
1215 3637 1293 3694 Ut
1317 3640 1547 3695 caderet
1579 3655 1787 3710 magno
1822 3640 2054 3696 victima
2087 3650 2252 3712 grata
2275 3644 2427 3704 JOVI.
2491 3650 2701 3708 Justin.

434 3724 571 3780 XXI
606 3726 656 3789 3,
693 3726 725 3778 2
761 3730 1065 3790 voverant,
1114 3725 1163 3780 si
1197 3725 1447 3781 victores
1482 3723 1701 3791 forent,
1752 3729 1819 3780 ut
1853 3725 1945 3781 die
1983 3725 2130 3783 festo
2177 3729 2415 3788 Veneris
2449 3734 2700 3805 virgines

436 3827 570 3868 suas
605 3810 1026 3879 prostituerent.
1098 3812 1320 3865 Mum-o.

578 3898 655 3949 10.
699 3897 838 3949 Ηοο.
879 3894 1094 3951 Θοὶιὸη
1128 3912 1199 3951 zu
1235 3902 1449 3960 votum,
1487 3896 1650 3952 nieht
1685 3912 1755 3950 zu
1790 3895 1976 3952 litore.

569 3981 700 4036 XLI
736 3983 788 4035 2.
839 3982 921 4036 Zu
953 3981 1010 4036 11
1045 3983 1128 4047 43,
1167 3985 1248 4036 14.

574 4067 745 4121 amica
778 4086 980 4123 manus.
1053 4067 1214 4123 Naeh
1248 4067 1512 4137 Priapeia
1549 4069 1721 4132 33‚.6.
1793 4066 2002 4124 Beidee
2050 4069 2159 4124 wel
2209 4070 2452 4137 (Fi-Marx
2499 4073 2701 4131 Studia

432 4153 733 4214 Luciliana
777 4153 944 4208 Bonn
983 4155 1111 4206 1882
1158 4172 1211 4225 p.
1249 4156 1279 4206 2
1316 4158 1382 4218 s.)
1438 4154 1585 4208 nach
1633 4152 1812 4208 Lucil.
1849 4153 1990 4208 VIII
2037 4157 2136 4208 270
2172 4155 2233 4211 L.
2271 4156 2380 4213 VH
2414 4157 2486 4212 Μ.
2535 4161 2696 4223 (nach

434 4240 536 4295 der
589 4238 965 4294 Emendation
1014 4254 1130 4294 von
1179 4239 1384 4303 Mam:
1447 4236 1537 4293 Ae
1587 4238 1752 4294 laeva
1797 4239 2058 4295 laerImas
2110 4243 2352 4297 muttoni
2407 4244 2699 4314 absterget

436 4340 637 4381 amma.
