3192 5084
683 402 1147 474 Epigrammaton
1181 401 1351 458 Liber
1385 400 1495 455 XII
1537 405 1581 464 (9
1604 399 1735 455 ΧΠι
1771 399 1918 456 edirt
1951 400 2262 458 December
2306 404 2433 466 101).
2564 405 2690 467 263

600 573 833 641 Omnia
874 572 1186 655 laudabit,
1230 572 1568 640 mirabitur
1612 574 1846 652 omnia,
1894 572 2098 658 donec

685 688 1040 771 Perpessus
1083 684 1261 752 dicas
1306 684 1527 751 taedia
1568 685 1749 751 mille
1791 683 2052 750 »Venit«
2152 721 2202 780 3
2243 729 2453 812 25-

1373 832 1426 897 L
1727 881 1739 893 .

601 946 865 1012 Derisor
906 943 1237 1010 Fabianus
1280 942 1424 1009 hirn
1508 962 1669 1022 rum,

600 1056 837 1123 Omnes
882 1075 1070 1140 quem
1117 1053 1306 1122 modo
1352 1054 1516 1121 colei
1559 1053 1877 1120 timebant

600 1169 936 1236 Dicentem
980 1165 1261 1235 tumidas
1305 1166 1374 1233 in
1414 1163 1826 1250 hydrocelas,

601 1275 926 1359 Quantum
970 1298 1091 1345 nec
1135 1276 1263 1344 duo
1307 1277 1596 1344 dicerent
1641 1275 1919 1358 Catulli,

517 1400 550 1454 5
597 1393 675 1458 In
720 1391 984 1458 thermis
1029 1389 1241 1457 subito
1285 1388 1675 1455 Neronianis

598 1501 776 1569 Vidit
819 1521 892 1569 se
935 1502 1147 1581 miser,
1197 1507 1262 1567 et
1305 1507 1519 1567 tacere
1563 1498 1791 1583 coepit.

1379 1645 1735 1710 LXXXIV.
1808 1671 1818 1681 ·

602 1759 974 1842 Nolueram,
1024 1757 1368 1843 Polytime,
1418 1765 1564 1824 tuos
1608 1757 1854 1823 violare
1899 1756 2185 1842 capillos,

690 1870 823 1937 Sed
865 1872 1048 1937 iuvat
1090 1869 1213 1936 hoc
1253 1867 1556 1954 precibus
1600 1888 1705 1934 me
1747 1867 2051 1935 tribuisse
2095 1869 2241 1935 tuis.

601 1983 784 2049 Talis
830 2001 993 2062 eras,
1041 1981 1230 2048 modo
1276 1987 1460 2047 tonse
1501 1981 1754 2068 Pelops,
1801 1981 2157 2065 positisque
2200 1981 2455 2048 nitebas

686 2094 1007 2176 Crinibus,
1061 2100 1133 2159 ut
1174 2100 1376 2161 totum
1421 2110 1662 2177 sponsa
1706 2090 1960 2159 videret
2005 2058 2265 2159 eburfl·

1410 2238 1734 2304 LXXXV.

610 2351 1085 2418 Paediconibus
1130 2369 1201 2418 os
1247 2349 1424 2417 olere
1469 2347 1657 2415 dicis:

602 2463 740 2529 Hoc
784 2464 858 2544 si,
907 2463 1074 2529 sicut
1116 2463 1233 2542 ais,
1281 2460 1575 2541 Fabulle,
1624 2480 1845 2527 verum
1892 2471 2008 2542 est,

604 2572 774 2652 Quid
821 2582 890 2639 tu
935 2570 1145 2640 credis
1192 2572 1366 2640 olere
1411 2572 1848 2657 cunnilingis‘?

1228 2813 1243 2829 Ο
1382 2717 1741 2782 LXXXVI.

501 2871 506 2877 -
604 2829 901 2915 Triginta
943 2827 1072 2895 tibi·
1107 2834 1257 2894 sunt
1300 2829 1484 2913 pueri
1530 2826 1928 2911 totidemque
1970 2828 2254 2912 puellae:

689 2942 839 3009 Una
882 2947 981 3007 est
1024 2958 1143 3006 nec
1187 2939 1394 3024 surgit
1437 2941 1739 3006 mentula.
1810 2936 1981 3016 Quid
2024 2938 2269 3004 facies?
2329 2959 2510 3066 (0¹7
2521 2960 2609 3058 θ

1368 3062 1767 3143 LXXXVIII
1792 3062 1885 3158 β

602 3189 714 3255 Bis
758 3189 948 3256 Cotta
991 3189 1089 3255 sol
1175 3208 1206 3254 s
1251 3187 1618 3274 perdidisse
1661 3206 1735 3254 se
1777 3194 2062 3270 questus,

599 3302 772 3368 Dum
816 3301 1268 3386 neglegentem
1314 3299 1492 3367 ducit
1536 3298 1624 3366 ad
1667 3298 1868 3385 pedes
1912 3317 2201 3382 vernam,

568 3456 862 3513 LXXXIII
914 3460 956 3512 1.
1016 3455 1336 3512 hirnearum
1399 3454 1874 3518 QEXABFGV
1972 3454 2306 3524 hymearum
2330 3455 2384 3509 P
2481 3454 2703 3512 hernia-

431 3560 552 3599 mm
592 3544 744 3597 Schn.

571 3695 863 3751 LXXXIII
899 3698 946 3749 5.
1007 3695 1087 3754 Zu
1123 3694 1180 3749 11
1214 3696 1298 3761 48,
1336 3697 1383 3749 8.

568 3846 864 3903 LXXXIII
897 3851 949 3904 4.
1004 3849 1219 3905 Catulli.
1288 3848 1405 3905 Der
1439 3848 1677 3905 Dichter
1725 3850 1825 3906 der
1858 3848 2395 3920 Hendekasyllaben
2440 3851 2554 3904 und
2599 3850 2700 3906 der

432 3933 859 3991 Mimendichter
896 3939 982 3999 (zu
1015 3935 1068 3990 V
1104 3937 1186 4002 30,
1225 3937 1298 4001 3),
1340 3937 1478 3992 oder
1514 3936 1653 3993 zwei
1700 3936 1829 3992 dem
1865 3942 2115 3993 ersteren
2151 3934 2695 4006 gleicbkommende.

570 4018 861 4075 LXXXIV
899 4024 945 4076 1.
1001 4021 1282 4092 Polytimo.
1358 4021 1439 4078 Zu
1475 4021 1585 4076 XII
1622 4024 1704 4077 75.

568 4106 805 4177 capium.
882 4107 962 4162 Zu
996 4106 1054 4161 11
1091 4109 1171 4173 57,
1210 4110 1256 4163 5.

567 4197 615 4250 3.
652 4192 782 4262 Vgl.
822 4191 875 4248 V
911 4194 997 4258 48,
1037 4194 1084 4245 5.
1463 4263 1470 4268 ἱ

566 4277 886 4337 LXXXVII
910 4282 953 4333 1.
980 4280 1162 4345 soleae,
1181 4279 1276 4335 die
1295 4295 1424 4336 man
1437 4280 1530 4337 bei
1545 4281 1646 4337 der
1659 4280 1823 4338 Tafel
1843 4281 2089 4352 ablegte.
2115 4280 2442 4350 Marquardt
2454 4279 2562 4336 Prl.
2575 4282 2693 4333 323.

567 4369 618 4421 2.
659 4366 732 4421 ad
753 4366 933 4436 pedes.
1006 4364 1087 4420 Zu
1124 4365 1209 4420 111
1245 4367 1327 4420 23.
