3192 5084
889 416 1352 488 Epigrammaton
1386 417 1554 474 Liber
1576 416 1659 471 XI
1696 416 1858 482 (edirt
1882 416 2194 474 December
2218 420 2320 485 96).
2609 397 2732 482 213

641 700 900 766 Habere
944 702 1218 766 amicam
1262 703 1432 782 nolo,
1481 702 1735 779 Flacce,
1783 699 2106 773 subtilem,

642 811 853 877 Cuius.
883 813 1157 878 lacertos
1201 813 1378 878 anuli
1422 812 1551 878 mei
1599 812 1877 896 cingant,

641 921 825 1001 Quae
843 923 1056 1099 ffrune
1099 923 1273 990 nudo
1315 922 1505 990 radat
1549 929 1617 988 et
1657 942 1828 1007 genu
1873 931 2144 1008 pungat,

644 1032 764 1099 Oui
808 1053 839 1099 s
945 1053 986 1099 a
1027 1033 1289 1116 lumbis,
1339 1036 1555 1119 cuspis
1602 1036 1834 1100 emicet
1876 1036 2038 1101 culo.

559 1152 596 1207 5
642 1141 774 1211 Sed
816 1144 989 1211 idem
1033 1146 1307 1211 amicam
1350 1148 1497 1212 nolo
1540 1145 1721 1211 mille
1764 1145 2099 1211 librarum:

645 1257 992 1332 Carnarius
1036 1276 1196 1338 sum,
1242 1258 1648 1341 pinguiarius
1693 1277 1819 1323 nou
1863 1274 2021 1323 sum.

1556 1403 1760 1512 01.ss
2132 1303 2356 1425 *8³⁶7

645 1529 904 1596 Thaida
945 1537 1078 1597 tam
1120 1537 1381 1597 tenuem
1424 1532 1708 1615 potuisti,
1755 1533 2006 1612 Haece,
2053 1532 2315 1598 videre?

732 1642 849 1721 Tu,
895 1648 1071 1726 puto,
1118 1641 1291 1724 quod
1333 1662 1463 1708 non
1506 1647 1621 1720 est,
1669 1643 1922 1724 Flacce‚
1969 1642 2191 1709 videre
2235 1650 2436 1727 potes.

1534 1806 1671 1871 011.
1717 1766 1811 1881 Ρ)

648 1916 796 1982 Non
841 1923 941 1982 est
983 1916 1305 1997 mentitus,
1353 1917 1463 2000 qui
1506 1924 1573 1984 te
1618 1917 1776 1983 mihi
1821 1916 1989 1983 dixit
2030 1917 2272 1984 habere

736 2028 1109 2094 Formosam
1153 2047 1428 2108 carnem,
1474 2027 1702 2112 Lydia,
1751 2049 1879 2096 non
1920 2028 2171 2095 faciem.

650 2140 768 2206 Est
810 2140 926 2222 ita,
976 2139 1033 2204 si
1076 2146 1295 2205 taceas
1340 2147 1405 2206 et
1448 2142 1505 2206 si
1550 2148 1685 2207 tam
1729 2147 1907 2206 muta
1947 2140 2301 2220 recumbas,

740 2249 949 2329 Quam
992 2251 1143 2316 silet
1184 2251 1254 2315 in
1298 2271 1447 2319 cera
1489 2254 1707 2318 vultus
1751 2259 1817 2319 et
1859 2252 1928 2317 in
1969 2252 2210 2319 tabula.

568 2371 605 2426 5
651 2361 786 2428 Sed
829 2363 1125 2445 quotiens
1168 2362 1473 2446 loqueris,
1498 2382 1779 2456 ‘carnem
1824 2382 2102 2447 quoque,
2151 2362 2384 2448 Lydia,
2430 2361 2667 2449 perdis,

741 2473 826 2539 Et
867 2491 988 2539 sua
1030 2473 1179 2558 plus
1222 2476 1403 2556 nulli,
1450 2494 1645 2557 quam
1687 2475 1827 2555 tibi,
1873 2474 2099 2559 lingua
2141 2484 2348 2542 nocet.

653 2583 898 2651 Audiat
941 2584 1173 2652 aedilis
1216 2605 1300 2651 ne
1343 2593 1408 2652 te
1451 2585 1801 2669 videatque
1845 2593 2097 2652 caveto:

736 2697 1108 2763 Portentum
1153 2702 1272 2777 est,
1318 2697 1616 2779 quotiens
1661 2698 1873 2781 coepit
1913 2699 2130 2782 imago
2173 2698 2367 2780 loqui.

2392 2763 2635 2863 77!

621 2881 665 2938 C
702 2887 752 2937 4.
811 2884 1016 2940 emicet
1051 2886 1177 2938 Hm
1204 2884 1378 2938 ScIm²
1446 2884 1654 2941 eminet
1688 2885 1823 2938 codd
1852 2884 2072 2948 (QEF)
2100 2884 2286 2938 Solam.

622 3037 683 3094 C.
752 3038 1071 3095 Maximian.
1125 3038 1284 3110 Eleg.
1332 3039 1360 3094 1
1394 3041 1484 3106 793
1524 3041 1727 3093 85—88
1783 3037 2084 3100 (Baehrens
2131 3036 2254 3093 le
2299 3033 2353 3093 V
2401 3054 2457 3109 p.
2507 3040 2623 3102 316)
2687 3041 2752 3092 79

483 3125 791 3183 Horrebam
827 3130 1043 3191 tenues,
1080 3125 1375 3182 horrebam
1409 3139 1650 3194 corpore
1671 3124 1931 3195 pingues.
1992 3126 2057 3178 85
2095 3124 2443 3191 Quaerebam
2465 3124 2752 3194 gracilem,

486 3213 591 3270 sed
625 3228 744 3268 non
779 3226 925 3283 quae
960 3227 1149 3267 macra
1184 3210 1415 3268 fuisset:
1475 3208 1676 3267 Carnis
1711 3211 1786 3267 ad
1823 3209 2075 3267 officium
2111 3225 2318 3267 carnea
2352 3210 2599 3268 membra
2633 3210 2757 3280 pla-

487 3305 637 3355 cent.
718 3296 805 3354 Sit
847 3297 1001 3369 quod
1048 3297 1109 3353 ln
1160 3296 1423 3367 amplexu
1477 3296 1727 3353 delectet
1785 3296 2058 3368 stringere
2104 3311 2338 3367 corpus,
2382 3297 2468 3353 Ne
2525 3296 2759 3378 laedant

489 3400 749 3454 pressum
786 3382 1076 3454 quaelibet
1110 3399 1245 3440 ossa
1278 3382 1445 3439 latus.

624 3469 741 3536 (011
775 3473 825 3524 4.
870 3467 1087 3528 Auson.
1124 3470 1317 3540 Epigr.
1342 3471 1426 3536 43,
1456 3470 1500 3522 l.
1527 3470 1558 3521 2
1594 3469 1721 3539 lpse
1754 3469 1853 3525 ubi
1877 3469 2100 3525 Rufus?
2137 3468 2219 3532 ‚In
2256 3467 2564 3525 cathedra!
2611 3468 2759 3536 Quid

487 3556 648 3627 agit?
684 3553 826 3624 ,Hoc
860 3556 1017 3626 quod
1051 3562 1111 3612 et
1144 3556 1205 3610 in
1239 3554 1452 3611 tabula‘
1493 3556 1548 3621 [i.
1574 3570 1627 3610 e.
1664 3557 1868 3622 tacet1.)

635 3709 746 3772 (CI.
811 3709 974 3767 Steht
1007 3710 1068 3764 in
1103 3709 1157 3765 d.
1193 3708 1432 3766 Hdschr.
1471 3709 1525 3765 d.
1557 3708 1752 3780 Leipz.
1795 3708 2098 3767 Stadtbibl.
2140 3708 2349 3781 (Haupt
2384 3709 2530 3779 Opp.
2554 3708 2582 3763 1
2607 3710 2758 3771 2912:

492 3796 588 3853 Ad
627 3796 936 3859 Flaccum.)

631 3966 736 4023 cn
771 3970 823 4022 7.
862 3966 970 4023 Die
1015 3965 1259 4023 Aedilen
1304 3967 1503 4024 hatten
1549 3967 1644 4023 die
1702 3967 2008 4038 religiosen
2054 3966 2208 4023 Akte
2255 3983 2326 4022 zu
2373 3964 2764 4023 liberwachen.

492 4054 598 4111 Als
637 4056 734 4107 547
772 4054 872 4110 der
905 4050 1139 4121 Tempel
1175 4052 1277 4108 der
1310 4052 1464 4109 Juno
1514 4051 1618 4109 auf
1661 4053 1788 4109 dem
1833 4052 2086 4109 Aventin
2128 4069 2260 4109 vom
2303 4051 2452 4107 Blitz
2488 4050 2766 4121 getroffen

492 4157 638 4206 war,
687 4141 920 4196 wurden
963 4137 1110 4194 nach
1157 4137 1534 4209 eingeholtem
1582 4137 1908 4196 Gutachten
1958 4139 2058 4195 der
2091 4137 2438 4206 Haruspices
2474 4137 2567 4193 die
2602 4137 2771 4192 romi-

491 4227 670 4283 schen
705 4225 929 4282 Frauen
964 4224 1154 4280 edicto
1191 4224 1456 4280 aedilium
1495 4224 1772 4281 curulimn
1808 4223 1913 4281 auf
1944 4226 2046 4282 das
2082 4222 2312 4294 Capitol
2347 4220 2597 4279 heruteu.
2644 4221 2765 4276 Liv.

494 4310 714 4367 XXVII
750 4314 831 4366 37.
891 4310 1076 4367 Wenn
1112 4311 1233 4366 also
1270 4311 1364 4367 ein
1397 4309 1531 4368 Bild
1581 4309 1774 4382 anfiug
1825 4327 1893 4366 zu
1941 4311 2142 4372 reden,
2190 4311 2329 4380 glng
2374 4308 2467 4365 die
2510 4306 2767 4379 Anzeige

495 4398 774 4458 zunitchst
810 4415 882 4455 an
918 4397 1012 4454 dle
1046 4396 1308 4453 Aedilen.
1369 4394 1678 4454 Mommsen
1715 4395 1834 4453 stR
1867 4397 1927 4451 ΙΙ
1961 4398 2078 4461 498,
2117 4399 2166 4450 3.
