3192 5084
579 413 663 476 62
1392 415 1465 471 M,
1500 414 1715 471 Valerii
1750 415 2023 474 Martialis

1592 589 1831 655 XXIV.

753 701 913 780 Quis
959 701 1301 767 Palatinos
1340 701 1633 766 imitatus
1678 700 1968 785 imagine
2014 703 2232 768 vultus

840 812 1219 880 Phidiacum
1263 813 1452 879 Latio
1497 831 1814 879 marmore
1857 814 2014 880 vicit
2057 813 2257 880 ebur?

753 927 935 993 Haec
977 922 1201 990 mundi
1245 923 1466 1005 facies,
1513 923 1679 990 haec
1721 931 1870 992 sunt
1913 925 2089 991 Iovis
2133 946 2247 992 ora
2289 928 2536 993 sereni:

840 1037 950 1104 Sic
994 1042 1175 1103 tonat
1216 1037 1328 1102 ille
1373 1034 1552 1116 deus,
1602 1056 1747 1102 cum
1793 1036 1935 1102 sine
1978 1036 2150 1103 nube
2195 1045 2392 1105 tonat.

670 1160 704 1215 5
751 1152 905 1217 Non·
942 1151 1146 1215 solam
1191 1147 1414 1214 tribuit
1458 1147 1679 1214 Pallas
1723 1146 1861 1228 tibi,
1910 1148 2093 1228 Care,
2143 1169 2471 1227 coronam;

834 1260 1136 1346 Effigiem
1180 1259 1439 1340 domini,
1489 1279 1684 1342 quam
1730 1260 1906 1341 colis,
1954 1260 2070 1325 illa
2114 1259 2316 1327 dedit.

1605 1422 1809 1488 XXV.

746 1538 1026 1603 Dantem
1071 1536 1225 1601 vina
1266 1543 1447 1602 tuum
1492 1535 1789 1618 quotiens
1834 1535 2205 1620 aspeximus
2249 1536 2535 1623 Hyllum,

833 1648 1106 1713 Lumine
1150 1664 1287 1727 nos,
1333 1645 1507 1725 Afer,
1553 1645 1908 1714 turbidiore
1951 1655 2160 1714 notas.

749 1758 954 1841 Quod,
987 1778 1158 1843 rogo,
1194 1757 1368 1841 quod
1397 1759 1610 1824 scelus
1643 1765 1764 1841 est,
1814 1759 2070 1824 mollem
2101 1768 2396 1844 spectare
2425 1762 2832 1827 ministrum?

831 1871 1198 1957 Aspicimus
1243 1871 1465 1949 solem,
1513 1868 1748 1950 sidera,
1796 1872 2057 1955 templa,
2108 1870 2283 1938 deos.

667 1993 702 2047 5
747 1984 1054 2049 Avertam
1099 1984 1333 2061 vultus,
1383 1989 1694 2065 tanquam
1736 1981 1896 2046 mihi
1940 1983 2175 2066 pocula
2221 1983 2482 2069 Gorgon

834 2094 1135 2178 Porrigat
1178 2101 1375 2177 atque
1420 2092 1641 2160 oculos
1685 2113 1927 2176 oraque
1972 2101 2191 2161 nostra
2234 2099 2454 2179 petat?

748 2207 930 2271 Trux
975 2212 1116 2271 erat
1156 2203 1439 2284 Alcides,
1490 2211 1555 2270 et
1599 2205 1820 2289 Hylan
1864 2212 2159 2291 spectare
2199 2207 2469 2285 licebat;

832 2315 1089 2383 Ludere
1132 2316 1447 2382 Mercurio
1491 2335 1637 2382 cum
1686 2316 2069 2402 Ganymede
2113 2318 2287 2384 licet.

750 2429 821 2495 Si
866 2448 995 2494 non
1039 2429 1140 2493 vis
1184 2433 1441 2493 teneros
1486 2436 1736 2512 spectet
1779 2429 2054 2495 conviva
2096 2431 2447 2513 ministros,

628 2549 721 2605 10·
833 2541 1118 2606 Phineas
1161 2539 1422 2624 invites,
1470 2539 1645 2620 Afer,
1694 2547 1759 2606 et
1802 2538 2196 2626 Oedipodas.

713 2710 878 2766 XXV
901 2712 1063 2782 (fehlt
1088 2711 1145 2764 in
1172 2714 1235 2776 Q)
1274 2713 1326 2763 6.
1352 2716 1516 2779 petat
1549 2711 1772 2766 TEXA
1784 2713 1888 2767 OG
1908 2712 2048 2766 Sclm
2094 2717 2284 2783 tegam
2309 2714 2458 2767 PFm
2486 2715 2586 2769 Ser
2657 2717 2705 2771 7.
2746 2715 2853 2770 Al-

580 2797 738 2853 cides
774 2803 835 2852 et
878 2797 1130 2851 TPSalm
1220 2795 1458 2853 Alcides
1495 2803 1583 2854 set
1620 2797 1680 2851 Ε
1765 2796 1971 2853 Alcide
2008 2798 2109 2854 sed
2147 2799 2216 2852 X
2299 2797 2550 2871 Alcydes
2595 2802 2698 2858 sed
2735 2801 2858 2856 DF

578 2882 816 2938 Alcides
851 2882 969 2939 sed.
991 2883 1106 2937 Sor.

714 3036 924 3092 XXIV.
987 3035 1117 3107 Vgl.
1154 3035 1236 3091 IX
1271 3040 1354 3092 23.

721 3126 766 3176 1.
828 3122 1108 3177 Palatinos
1141 3152 1211 3163 —
1246 3126 1442 3178 vultus.
1501 3124 1623 3180 Das
1659 3121 1897 3179 Gesicht
1930 3123 2032 3179 des
2067 3122 2318 3181 Kaisers.

719 3208 1028 3264 Palatinos.-
1067 3224 1137 3263 ιιι
1174 3207 1202 3262 1
1238 3210 1321 3273 70,
1359 3212 1406 3264 5.

718 3296 769 3348 3.
834 3293 984 3348 Iovis
1020 3311 1118 3348 ora
1150 3293 1340 3347 aneni.
1406 3294 1487 3349 Zu
1520 3291 1574 3347 V
1611 3296 1659 3358 6,
1696 3295 1746 3348 9.

714 3378 893 3434 XXV.
960 3378 1093 3449 Vgl.
1135 3379 1190 3434 X
1224 3382 1290 3434 98
1336 3379 1457 3435 und
1501 3378 1692 3435 Strato
1736 3377 1973 3435 Anthol.
2014 3378 2198 3436 Palat.
2237 3396 2286 3436 ο.
2323 3379 2435 3436 XII
2487 3379 2687 3448 (Μοῦσα
2735 3404 2855 3439 παι-

576 3466 712 3536 δικὴ)
760 3468 881 3519 175:

875 3542 947 3607 ”H
983 3552 1057 3621 μὴ
1096 3549 1369 3622 ζηλοτύπει
1403 3549 1608 3610 δούλοις
1643 3551 1728 3605 ἐπὶ
1771 3551 1943 3605 παισὶν
1980 3550 2233 3623 ἑταίρους,

1021 3635 1058 3707 ἢ
1097 3638 1171 3708 μὴ
1218 3635 1568 3710 θηλυπρεπεῖς
1616 3637 1886 3709 οἰνοχόους
1919 3637 2129 3712 πάρεχε.

887 3718 977 3783 Τίς
1011 3722 1107 3795 γὰρ
1142 3721 1274 3794 ἀνὴρ
1310 3723 1363 3782 ἐς
1408 3717 1548 3795 ἔρωτ’
1587 3721 1925 3793 ἀδαμάντινος
1971 3723 2007 3793 ἢ
2055 3723 2131 3784 τίς
2178 3723 2383 3797 ἀτειρής

1028 3807 1183 3879 οῖνῳς
1231 3808 1308 3867 τίς
1355 3808 1412 3861 δὲ
1457 3808 1652 3870 καλοὺς
1699 3807 1759 3861 οὐ
1795 3809 2035 3881 περίεργα
2069 3809 2270 3880 βλέπος

888 3893 1114 3949 Ζώντων
1149 3894 1273 3966 ἔργα
1305 3893 1415 3948 τάδ’
1453 3893 1584 3947 ἐστίν
1605 3911 1618 3924 ·
1666 3893 1794 3947 ὅπου
1844 3890 1985 3948 δὀὐκ
2019 3895 2143 3949 εἰσὶν
2180 3896 2366 3967 ἔρωτες

1024 3980 1144 4034 οὐδὲ
1182 3979 1365 4050 μέθαι,
1416 3977 1653 4050 Διοφῶν,
1705 3977 1771 4050 ἢν
1808 3978 2014 4051 ἐθέλῃς,
2053 3980 2229 4036 ἄπιθι·

888 4064 1062 4124 Κάκεῖ
1094 4065 1355 4139 Τειρεσίην
1389 4064 1425 4137 ἢ
1463 4063 1725 4120 Τάνταλον
1761 4066 1814 4125 ἐς
1858 4066 2012 4121 πότον
2060 4065 2206 4130 ἕλκε,

1020 4155 1108 4207 τὸν
1155 4155 1248 4222 μὲν
1297 4152 1373 4205 ἐπ’
1419 4150 1566 4205 οὐδὲν
1616 4151 1766 4213 ἰδεῖν,
1816 4153 1905 4206 τὸν
1941 4150 2069 4206 δ’ἐπὶ
2106 4158 2292 4222 μοῦνον
2330 4153 2473 4208 (δεῖν.

713 4243 765 4295 6.
812 4244 1002 4311 petat.-
1040 4240 1141 4295 mit
1173 4239 1350 4295 ihrem
1383 4237 1849 4294 versteinernden
1882 4237 2052 4294 Blick
2087 4236 2192 4294 auf
2221 4239 2368 4296 mich
2405 4239 2556 4296 zielt.

717 4327 767 4380 8.
836 4325 1157 4395 Ganymede.
1218 4323 1302 4379 Zu
1334 4321 1445 4378 VH
1479 4326 1562 4387 50,
1601 4327 1653 4379 4.

715 4414 764 4464 9.
822 4411 1043 4465 conviva
1076 4409 1364 4464 mim’stroe.
1423 4409 1506 4466 Zu
1540 4409 1624 4464 IX
1660 4410 1743 4474 22,
1784 4412 1864 4464 11.
