3192 5084
1005 420 1464 491 Epigrammaton
1498 420 1667 477 Liber
1700 420 1785 475 IX
1824 423 1989 486 (editt
2023 425 2130 487 94).
2618 421 2699 483 69

596 592 819 671 »Quod
860 601 1030 673 tuuS,
1077 583 1242 673 ecoe,
1292 612 1407 658 suo
1453 592 1696 658 Caesar
1742 596 2034 678 permisit
2079 593 2344 679 ephebe,

689 706 792 796 Tu
834 704 1133 790 permitte
1175 711 1303 784 tuo,
1350 703 1631 769 maxime
1674 712 1906 769 rector«
1951 706 2072 785 ait;

517 826 552 881 5
603 817 771 883 »Iam
814 814 972 880 mihi
1015 815 1226 899 prima
1268 817 1428 881 latet
1471 815 1683 898 longis
1726 818 1964 900 lanugo
2011 817 2283 901 oapilliS,

688 928 827 994 Iam
872 933 986 992 tua
1029 947 1133 992 me
1177 924 1346 991 ridet
1388 926 1548 991 Iuno
1594 934 1912 1009 vocatque
1957 929 2213 994 virum«

603 1039 725 1106 Cui
766 1044 954 1123 pater
999 1037 1323 1104 aetherius
1367 1038 1567 1102 »Puer
1612 1058 1649 1104 o
1695 1036 2118 1119 dulcissime,«
2164 1039 2343 1117 dixit,

694 1150 866 1216 »Non
912 1169 1052 1235 ego,
1100 1147 1271 1233 quod
1317 1149 1545 1232 poscis,
1593 1167 1697 1214 res
1742 1157 1940 1233 negat
1982 1152 2129 1235 ipsa
2173 1151 2315 1216 tibi:

607 1261 851 1328 Caesar
893 1261 1093 1327 habet
1134 1267 1351 1324 noster
1393 1259 1639 1325 similes
1685 1260 1804 1326 tibi
1849 1262 2024 1327 mille
2067 1264 2391 1328 ministros

496 1383 572 1437 10
706 1374 1050 1456 Tantaque
1095 1369 1381 1436 sidereos
1427 1372 1536 1437 vix
1583 1372 1758 1455 capit
1801 1374 1953 1438 aula
1996 1393 2240 1440 mares:

611 1483 699 1549 At
739 1484 858 1550 tibi
904 1484 959 1548 si
1005 1481 1256 1549 dederit
1298 1484 1514 1548 vultus
1560 1502 1742 1548 coma
1784 1492 1971 1550 tonsa
2015 1485 2260 1567 virileS,

695 1591 854 1671 Quis
898 1595 1076 1674 mihi,
1123 1594 1234 1677 qui
1277 1601 1499 1660 nectar
1542 1595 1826 1675 misceat,
1876 1596 2040 1661 alter
2084 1596 2280 1662 eriti«

1398 1722 1732 1788 XXXVII.

590 1837 772 1902 Cum
816 1836 908 1902 sis
953 1836 1097 1920 ipsa
1141 1834 1315 1901 domi
1360 1832 1708 1916 mediaque
1753 1854 1979 1901 ornere
2023 1834 2304 1915 Subura,

696 1948 891 2013 Fiant
933 1947 1235 2012 absentes
1281 1951 1347 2010 et
1391 1945 1531 2027 tibi,
1583 1946 1793 2025 Galla,
1842 1966 2080 2026 comae,

610 2060 746 2125 Nee
791 2057 1016 2124 dentes
1061 2058 1249 2123 aliter
1291 2077 1484 2140 quam
1531 2057 1754 2123 Serica
1795 2059 1994 2124 noete'
2026 2078 2318 2143 reponaS,

699 2171 781 2237 Et
823 2171 1040 2235 iaceas
1085 2175 1341 2234 eentum
1386 2167 1647 2233 eondita
1689 2168 2074 2254 pyxidibuS,

533 2292 567 2347 5
616 2283 753 2348 Nee
797 2288 1007 2348 tecum
1050 2279 1253 2345 facies
1297 2286 1412 2346 tua
1456 2279 1750 2361 dormiat,
1798 2282 2014 2346 innuis
2059 2283 2188 2361 illo,

701 2392 887 2472 Quod
930 2392 1049 2457 tibi
1094 2391 1414 2476 prolatum
1461 2399 1559 2456 est
1603 2412 1812 2472 mane,
1866 2394 2226 2476 supercilio,

617 2505 703 2571 Et
741 2513 806 2571 te
848 2505 1029 2569 nulla
1071 2510 1284 2568 movet
1330 2503 1473 2568 cani
1517 2505 1885 2569 reverentia
1929 2506 2140 2589 cunni,

702 2614 908 2693 Quem
953 2622 1134 2700 potes
1178 2616 1346 2681 inter
1389 2594 1546 2680 avos
1591 2616 1722 2679 iam
1767 2636 2108 2681 numerare
2153 2623 2318 2683 tuos.

614 2729 938 2794 Promittis
981 2733 1276 2792 sescenta
1319 2733 1567 2806 tamem
1620 2724 1738 2791 sed
1781 2730 2066 2793 mentula
2110 2726 2306 2793 surda
2352 2735 2465 2805 est,

496 2850 571 2905 10
702 2840 787 2905 Et
830 2840 915 2904 sit
954 2839 1138 2903 lusca
1180 2838 1349 2918 lieet,
1396 2843 1462 2902 te
1505 2845 1722 2902 tamen
1766 2839 1881 2902 illa
1924 2838 2122 2904 videt.

1395 2966 1768 3031 XXXVIII.

622 3080 888 3146 Summa
930 3078 1084 3144 licet
1127 3078 1336 3157 velox,
1383 3078 1735 3161 Agathino,
1782 3077 2076 3161 pericula
2117 3077 2327 3158 Iudae,

586 3223 856 3279 XXXVII
890 3226 940 3277 6.
1015 3221 1131 3277 Wie
1168 3221 1240 3275 im
1284 3223 1418 3276 Text
1457 3224 1504 3285 Q
1591 3222 1755 3288 Quod
1798 3221 1936 3288 (Quo
1981 3224 2040 3288 O)
2075 3222 2181 3279 tibi
2216 3223 2498 3293 ploratum
2543 3228 2713 3282 TEX

444 3312 687 3368 ACFG.
765 3312 844 3363 10.
880 3308 1041 3364 lusca
1086 3308 1331 3378 wScIm
1399 3307 1526 3364 lusa
1560 3326 1700 3362 corr.
1735 3307 1897 3363 lusca
1935 3310 1982 3371 Q
2042 3309 2212 3365 surda
2237 3311 2411 3364 EXA
2423 3312 2581 3367 CFG
2595 3315 2708 3368 Sor.

586 3395 891 3452 XXXVIII
927 3398 977 3451 1.
1037 3393 1324 3465 Agathino
1360 3394 1615 3463 pericula
1649 3394 1816 3450 ludas
1855 3396 2252 3457 PQSorSchn²
2318 3395 2388 3451 A.
2415 3413 2468 3466 p.
2508 3397 2708 3456 laudas

448 3485 625 3540 ΕΑΓ
689 3481 750 3537 Α.
786 3498 843 3551 p.
886 3481 1084 3537 laudes
1127 3482 1174 3535 Ο
1264 3480 1467 3535 laudas
1500 3479 1790 3550 Agathino
1827 3480 2042 3549 pericla
2079 3482 2146 3535 X
2221 3481 2386 3537 ludas
2421 3481 2709 3553 Agathino

448 3569 667 3640 pericla
704 3568 843 3621 δεῖνι
859 3569 897 3620 ¹.
2707 3574 2718 3587 ”

594 3717 672 3768 10.
731 3713 960 3767 sidereos
993 3740 1062 3752 -
1096 3729 1281 3765 mares.
1341 3709 1396 3763 X
1432 3712 1516 3775 66,
1559 3711 1589 3760 7
1628 3710 1881 3766 sidereos
1916 3741 1985 3749 —
2021 3710 2320 3768 ministros.

588 3797 860 3853 XXXVII
910 3801 951 3852 1.
1010 3796 1283 3866 mediaque
1326 3812 1512 3849 ornere
1550 3796 1763 3849 Subura
1806 3800 1894 3859 (zu
1938 3795 2101 3861 1117,
2142 3799 2212 3860 l):
2262 3797 2318 3852 d.
2359 3798 2413 3852 h.
2463 3801 2565 3857 mit
2600 3802 2710 3857 den

450 3888 512 3943 in
549 3888 656 3942 den
693 3884 954 3954 dortigen
989 3882 1182 3938 Laden
1218 3879 1528 3951 gekausten
1563 3879 2140 3937 Sehonheitsmitteln.

590 3975 636 4025 5.
697 3969 905 4023 innuis.-
943 3969 1020 4024 du
1054 3967 1276 4032 winkst,
1313 3968 1536 4023 maohst
1570 3966 1829 4033 Zeiehen,
1868 3967 1990 4022 sich
2027 3967 2115 4023 dir
2149 3984 2219 4023 zu
2255 3968 2483 4024 nlihern.

594 4059 673 4110 ιο.
732 4059 891 4111 zmea.
945 4052 1075 4124 Vgl.
1115 4053 1172 4108 11
1208 4055 1289 4118 33,
1328 4057 1375 4107 3.

587 4141 906 4196 XXXVIII.
965 4137 1092 4194 Auf
1120 4139 1283 4194 einen
1319 4139 1394 4193 lm
1417 4137 1665 4194 Theater
1699 4138 1865 4194 einen
1899 4138 2127 4195 kleinen
2162 4139 2357 4194 Sehild
2392 4139 2713 4197 werfenden

449 4228 569 4284 und
604 4228 707 4282 mit
751 4227 863 4283 den
906 4225 1405 4281 verschiedensten
1451 4223 1718 4280 Gliedern
1767 4223 2188 4295 auffangenden
2233 4224 2272 4280 J
2274 4225 2511 4294 ongleur
2554 4226 2713 4297 Aga-

452 4314 662 4371 thinus.

594 4404 637 4451 1.
702 4400 919 4452 Summa
953 4426 1021 4436 -
1056 4395 1304 4465 pericula
1347 4397 1515 4450 ludas.
1593 4394 1784 4455 Soviel
1824 4395 1934 4450 als:
1982 4394 2152 4451 ludos
2199 4396 2712 4465 periculosissimos
