<?xml version="1.0" encoding="UTF-8"?>
<!DOCTYPE html PUBLIC "-//W3C//DTD XHTML 1.0 Transitional//EN"
    "http://www.w3.org/TR/xhtml1/DTD/xhtml1-transitional.dtd">
<html xmlns="http://www.w3.org/1999/xhtml" xml:lang="en" lang="en">
 <head>
  <title>
</title>
<meta http-equiv="Content-Type" content="text/html;charset=utf-8" />
  <meta name='ocr-system' content='tesseract 3.04.00' />
  <meta name='ocr-capabilities' content='ocr_page ocr_carea ocr_par ocr_line ocrx_word'/>
</head>
<body>
  <div class='ocr_page' id='page_1' title='image "./mvaleriimartial02friegoog_0016.png"; bbox 0 0 3192 5084; ppageno 0'>
   <div class='ocr_carea' id='block_1_1' title="bbox 539 388 1985 456">
    <p class='ocr_par' dir='ltr' id='par_1_1' title="bbox 539 388 1985 456">
     <span class='ocr_line' id='line_1_1' title="bbox 539 388 1985 456; baseline -0.005 -4"><span class='ocrx_word' id='word_1_1' title='bbox 539 393 617 456; x_wconf 88' lang='grc'>10</span> <span class='ocrx_word' id='word_1_2' title='bbox 938 446 943 451; x_wconf 80' lang='grc'><strong>,</strong></span> <span class='ocrx_word' id='word_1_3' title='bbox 1353 388 1422 443; x_wconf 84' lang='grc' dir='ltr'><strong>Μ.</strong></span> <span class='ocrx_word' id='word_1_4' title='bbox 1460 388 1675 444; x_wconf 90' lang='lat' dir='ltr'>Valerii</span> <span class='ocrx_word' id='word_1_5' title='bbox 1710 389 1985 446; x_wconf 76' lang='lat' dir='ltr'><strong>Martialis</strong></span> 
     </span>
    </p>
   </div>
   <div class='ocr_carea' id='block_1_2' title="bbox 622 558 1934 757">
    <p class='ocr_par' dir='ltr' id='par_1_2' title="bbox 622 558 1934 757">
     <span class='ocr_line' id='line_1_2' title="bbox 703 558 1885 645; baseline -0.001 -20"><span class='ocrx_word' id='word_1_6' title='bbox 703 560 763 625; x_wconf 90' lang='lat' dir='ltr'>A</span> <span class='ocrx_word' id='word_1_7' title='bbox 804 559 1066 645; x_wconf 90' lang='lat' dir='ltr'>pistore,</span> <span class='ocrx_word' id='word_1_8' title='bbox 1114 558 1387 645; x_wconf 80' lang='lat' dir='ltr'>Cypere,</span> <span class='ocrx_word' id='word_1_9' title='bbox 1435 580 1563 626; x_wconf 92' lang='lat' dir='ltr'>non</span> <span class='ocrx_word' id='word_1_10' title='bbox 1608 560 1885 627; x_wconf 85' lang='lat' dir='ltr'>reeedis:</span> 
     </span>
     <span class='ocr_line' id='line_1_3' title="bbox 622 670 1934 757; baseline 0.002 -21"><span class='ocrx_word' id='word_1_11' title='bbox 622 679 655 735; x_wconf 91' lang='lat'>5</span> <span class='ocrx_word' id='word_1_12' title='bbox 703 672 789 737; x_wconf 87' lang='lat' dir='ltr'>Et</span> <span class='ocrx_word' id='word_1_13' title='bbox 830 690 1066 757; x_wconf 89' lang='lat' dir='ltr'>panem</span> <span class='ocrx_word' id='word_1_14' title='bbox 1110 670 1274 738; x_wconf 78' lang='lat' dir='ltr'>facis</span> <span class='ocrx_word' id='word_1_15' title='bbox 1318 678 1384 737; x_wconf 94' lang='lat' dir='ltr'>et</span> <span class='ocrx_word' id='word_1_16' title='bbox 1426 672 1589 738; x_wconf 85' lang='lat' dir='ltr'>faois</span> <span class='ocrx_word' id='word_1_17' title='bbox 1635 671 1934 739; x_wconf 85' lang='lat' dir='ltr'>farinam.</span> 
     </span>
    </p>
   </div>
   <div class='ocr_carea' id='block_1_3' title="bbox 703 835 2610 1366">
    <p class='ocr_par' dir='ltr' id='par_1_3' title="bbox 703 835 2610 1366">
     <span class='ocr_line' id='line_1_4' title="bbox 1563 835 1775 901; baseline 0.009 -2"><span class='ocrx_word' id='word_1_18' title='bbox 1563 835 1775 901; x_wconf 93' lang='lat' dir='ltr'><strong>XVII.</strong></span> 
     </span>
     <span class='ocr_line' id='line_1_5' title="bbox 703 945 2392 1031; baseline 0.001 -20"><span class='ocrx_word' id='word_1_19' title='bbox 703 947 848 1031; x_wconf 82' lang='lat' dir='ltr'>Egi,</span> <span class='ocrx_word' id='word_1_20' title='bbox 896 945 1117 1029; x_wconf 82' lang='lat' dir='ltr'>Sexte,</span> <span class='ocrx_word' id='word_1_21' title='bbox 1165 952 1363 1027; x_wconf 86' lang='lat' dir='ltr'>tuam,</span> <span class='ocrx_word' id='word_1_22' title='bbox 1410 953 1640 1031; x_wconf 88' lang='lat' dir='ltr'>paetus</span> <span class='ocrx_word' id='word_1_23' title='bbox 1686 946 1814 1012; x_wconf 88' lang='lat' dir='ltr'>duo</span> <span class='ocrx_word' id='word_1_24' title='bbox 1858 947 2059 1027; x_wconf 91' lang='lat' dir='ltr'>milia,</span> <span class='ocrx_word' id='word_1_25' title='bbox 2107 966 2392 1014; x_wconf 86' lang='lat' dir='ltr'>eausam.</span> 
     </span>
     <span class='ocr_line' id='line_1_6' title="bbox 789 1057 2417 1143; baseline 0.001 -20"><span class='ocrx_word' id='word_1_26' title='bbox 789 1059 1020 1123; x_wconf 78' lang='lat' dir='ltr'>Misisti</span> <span class='ocrx_word' id='word_1_27' title='bbox 1066 1076 1357 1125; x_wconf 79' lang='lat' dir='ltr'>nummos</span> <span class='ocrx_word' id='word_1_28' title='bbox 1403 1057 1577 1140; x_wconf 87' lang='lat' dir='ltr'>quod</span> <span class='ocrx_word' id='word_1_29' title='bbox 1622 1058 1777 1123; x_wconf 91' lang='lat' dir='ltr'>mihi</span> <span class='ocrx_word' id='word_1_30' title='bbox 1823 1059 2026 1139; x_wconf 92' lang='lat' dir='ltr'>mille,</span> <span class='ocrx_word' id='word_1_31' title='bbox 2077 1058 2234 1143; x_wconf 89' lang='lat' dir='ltr'>quid</span> <span class='ocrx_word' id='word_1_32' title='bbox 2279 1066 2417 1126; x_wconf 75' lang='lat' dir='ltr'>est?</span> 
     </span>
     <span class='ocr_line' id='line_1_7' title="bbox 707 1169 2610 1256; baseline 0.002 -26"><span class='ocrx_word' id='word_1_33' title='bbox 707 1170 1030 1235; x_wconf 75' lang='lat' dir='ltr'>»Narrasti</span> <span class='ocrx_word' id='word_1_34' title='bbox 1073 1169 1267 1234; x_wconf 81' lang='lat' dir='ltr'>nihil«</span> <span class='ocrx_word' id='word_1_35' title='bbox 1308 1170 1527 1252; x_wconf 89' lang='lat' dir='ltr'>inquis</span> <span class='ocrx_word' id='word_1_36' title='bbox 1568 1176 1667 1235; x_wconf 76' lang='lat' dir='ltr'>»et</span> <span class='ocrx_word' id='word_1_37' title='bbox 1710 1191 1752 1235; x_wconf 89' lang='lat' dir='ltr'>a</span> <span class='ocrx_word' id='word_1_38' title='bbox 1797 1176 1862 1236; x_wconf 89' lang='lat' dir='ltr'>te</span> <span class='ocrx_word' id='word_1_39' title='bbox 1906 1169 2165 1256; x_wconf 83' lang='lat' dir='ltr'>perdita</span> <span class='ocrx_word' id='word_1_40' title='bbox 2208 1192 2409 1238; x_wconf 82' lang='lat' dir='ltr'>eausa</span> <span class='ocrx_word' id='word_1_41' title='bbox 2453 1179 2610 1239; x_wconf 66' lang='lat' dir='ltr'>est«</span> 
     </span>
     <span class='ocr_line' id='line_1_8' title="bbox 792 1278 2244 1366; baseline 0.001 -20"><span class='ocrx_word' id='word_1_42' title='bbox 792 1282 1002 1346; x_wconf 89' lang='lat' dir='ltr'>Tanto</span> <span class='ocrx_word' id='word_1_43' title='bbox 1045 1282 1195 1366; x_wconf 88' lang='lat' dir='ltr'>plus</span> <span class='ocrx_word' id='word_1_44' title='bbox 1239 1278 1459 1362; x_wconf 88' lang='lat' dir='ltr'>debes,</span> <span class='ocrx_word' id='word_1_45' title='bbox 1508 1280 1725 1360; x_wconf 81' lang='lat' dir='ltr'><strong>Sexte,</strong></span> <span class='ocrx_word' id='word_1_46' title='bbox 1775 1280 1948 1364; x_wconf 88' lang='lat' dir='ltr'>quod</span> <span class='ocrx_word' id='word_1_47' title='bbox 1994 1282 2244 1348; x_wconf 80' lang='lat' dir='ltr'>erubui.</span> 
     </span>
    </p>
   </div>
   <div class='ocr_carea' id='block_1_4' title="bbox 621 1443 2510 2086">
    <p class='ocr_par' dir='ltr' id='par_1_4' title="bbox 621 1443 2510 2086">
     <span class='ocr_line' id='line_1_9' title="bbox 1539 1443 1786 1509; baseline 0.008 -2"><span class='ocrx_word' id='word_1_48' title='bbox 1539 1443 1786 1509; x_wconf 87' lang='lat' dir='ltr'>XVIII.</span> 
     </span>
     <span class='ocr_line' id='line_1_10' title="bbox 705 1554 2357 1642; baseline 0.002 -22"><span class='ocrx_word' id='word_1_49' title='bbox 705 1555 778 1621; x_wconf 88' lang='lat' dir='ltr'>Si</span> <span class='ocrx_word' id='word_1_50' title='bbox 820 1562 957 1638; x_wconf 90' lang='lat' dir='ltr'>tua,</span> <span class='ocrx_word' id='word_1_51' title='bbox 1008 1554 1275 1635; x_wconf 86' lang='lat' dir='ltr'>Cerrini‚</span> <span class='ocrx_word' id='word_1_52' title='bbox 1321 1574 1580 1639; x_wconf 84' lang='lat' dir='ltr'>promas</span> <span class='ocrx_word' id='word_1_53' title='bbox 1627 1557 2097 1640; x_wconf 86' lang='lat' dir='ltr'>epigrammata</span> <span class='ocrx_word' id='word_1_54' title='bbox 2141 1557 2357 1642; x_wconf 82' lang='lat' dir='ltr'>vulgo,</span> 
     </span>
     <span class='ocr_line' id='line_1_11' title="bbox 789 1656 2217 1752; baseline 0.001 -20"><span class='ocrx_word' id='word_1_55' title='bbox 789 1668 910 1732; x_wconf 94' lang='lat' dir='ltr'>Vel</span> <span class='ocrx_word' id='word_1_56' title='bbox 953 1686 1202 1732; x_wconf 82' lang='lat' dir='ltr'>meeum</span> <span class='ocrx_word' id='word_1_57' title='bbox 1248 1667 1461 1751; x_wconf 90' lang='lat' dir='ltr'>possis</span> <span class='ocrx_word' id='word_1_58' title='bbox 1506 1668 1613 1732; x_wconf 88' lang='lat' dir='ltr'>vel</span> <span class='ocrx_word' id='word_1_59' title='bbox 1657 1668 1831 1752; x_wconf 88' lang='lat' dir='ltr'>prior</span> <span class='ocrx_word' id='word_1_60' title='bbox 1871 1656 2030 1751; x_wconf 80' lang='lat' dir='ltr'>ipse&#39;</span> <span class='ocrx_word' id='word_1_61' title='bbox 2058 1668 2217 1752; x_wconf 84' lang='lat' dir='ltr'>legi:</span> 
     </span>
     <span class='ocr_line' id='line_1_12' title="bbox 705 1776 2396 1863; baseline 0.001 -20"><span class='ocrx_word' id='word_1_62' title='bbox 705 1776 837 1843; x_wconf 85' lang='lat' dir='ltr'>Sed</span> <span class='ocrx_word' id='word_1_63' title='bbox 882 1777 1000 1844; x_wconf 89' lang='lat' dir='ltr'>tibi</span> <span class='ocrx_word' id='word_1_64' title='bbox 1045 1785 1264 1843; x_wconf 88' lang='lat' dir='ltr'>tantus</span> <span class='ocrx_word' id='word_1_65' title='bbox 1309 1779 1479 1843; x_wconf 93' lang='lat' dir='ltr'>inest</span> <span class='ocrx_word' id='word_1_66' title='bbox 1523 1780 1762 1843; x_wconf 86' lang='lat' dir='ltr'>veteris</span> <span class='ocrx_word' id='word_1_67' title='bbox 1806 1786 2138 1862; x_wconf 77' lang='lat' dir='ltr'>respectus</span> <span class='ocrx_word' id='word_1_68' title='bbox 2183 1781 2396 1863; x_wconf 83' lang='lat' dir='ltr'>amiei,</span> 
     </span>
     <span class='ocr_line' id='line_1_13' title="bbox 787 1888 2244 1971; baseline 0.001 -17"><span class='ocrx_word' id='word_1_69' title='bbox 787 1889 1013 1955; x_wconf 87' lang='lat' dir='ltr'>Carior</span> <span class='ocrx_word' id='word_1_70' title='bbox 1054 1895 1127 1954; x_wconf 88' lang='lat' dir='ltr'>ut</span> <span class='ocrx_word' id='word_1_71' title='bbox 1169 1907 1317 1955; x_wconf 90' lang='lat' dir='ltr'>mea</span> <span class='ocrx_word' id='word_1_72' title='bbox 1361 1888 1446 1954; x_wconf 88' lang='lat' dir='ltr'>sit</span> <span class='ocrx_word' id='word_1_73' title='bbox 1490 1909 1687 1971; x_wconf 90' lang='lat' dir='ltr'>quam</span> <span class='ocrx_word' id='word_1_74' title='bbox 1730 1896 1846 1955; x_wconf 91' lang='lat' dir='ltr'>tua</span> <span class='ocrx_word' id='word_1_75' title='bbox 1889 1888 2065 1955; x_wconf 86' lang='lat' dir='ltr'>fama</span> <span class='ocrx_word' id='word_1_76' title='bbox 2108 1890 2244 1956; x_wconf 92' lang='lat' dir='ltr'>tibi.</span> 
     </span>
     <span class='ocr_line' id='line_1_14' title="bbox 621 1999 2510 2086; baseline 0.003 -22"><span class='ocrx_word' id='word_1_77' title='bbox 621 2010 654 2064; x_wconf 92' lang='lat'>5</span> <span class='ocrx_word' id='word_1_78' title='bbox 704 1999 816 2066; x_wconf 85' lang='lat' dir='ltr'>Sie</span> <span class='ocrx_word' id='word_1_79' title='bbox 856 2001 1036 2065; x_wconf 85' lang='lat' dir='ltr'>Maro</span> <span class='ocrx_word' id='word_1_80' title='bbox 1082 2019 1202 2066; x_wconf 83' lang='lat' dir='ltr'>nee</span> <span class='ocrx_word' id='word_1_81' title='bbox 1247 1999 1510 2066; x_wconf 84' lang='lat' dir='ltr'>Calabri</span> <span class='ocrx_word' id='word_1_82' title='bbox 1555 2000 1898 2084; x_wconf 81' lang='lat' dir='ltr'>temptavit</span> <span class='ocrx_word' id='word_1_83' title='bbox 1941 2002 2229 2067; x_wconf 87' lang='lat' dir='ltr'>earmina</span> <span class='ocrx_word' id='word_1_84' title='bbox 2271 2004 2510 2086; x_wconf 85' lang='lat' dir='ltr'>Flaeei,</span> 
     </span>
    </p>
   </div>
   <div class='ocr_carea' id='block_1_5' title="bbox 600 2127 947 2133">
    <p class='ocr_par' dir='ltr' id='par_1_5' title="bbox 600 2127 947 2133">
     <span class='ocr_line' id='line_1_15' title="bbox 600 2127 947 2133; baseline 0 0"><span class='ocrx_word' id='word_1_85' title='bbox 600 2127 947 2133; x_wconf 95' lang='lat' dir='ltr'> </span> 
     </span>
    </p>
   </div>
   <div class='ocr_carea' id='block_1_6' title="bbox 529 2169 2813 2414">
    <p class='ocr_par' dir='ltr' id='par_1_6' title="bbox 529 2169 2813 2414">
     <span class='ocr_line' id='line_1_16' title="bbox 736 2169 2809 2234; baseline 0.004 -8"><span class='ocrx_word' id='word_1_86' title='bbox 736 2171 949 2226; x_wconf 91' lang='lat' dir='ltr'>XVIII.</span> <span class='ocrx_word' id='word_1_87' title='bbox 1024 2170 1120 2226; x_wconf 85' lang='lat' dir='ltr'>Ad</span> <span class='ocrx_word' id='word_1_88' title='bbox 1156 2169 1456 2225; x_wconf 89' lang='lat' dir='ltr'>Cherinum</span> <span class='ocrx_word' id='word_1_89' title='bbox 1502 2173 1554 2224; x_wconf 87' lang='lat' dir='ltr'><em>T</em></span> <span class='ocrx_word' id='word_1_90' title='bbox 1629 2170 1725 2226; x_wconf 87' lang='lat' dir='ltr'>Ad</span> <span class='ocrx_word' id='word_1_91' title='bbox 1762 2170 2091 2227; x_wconf 88' lang='lat' dir='ltr'>Cherrinum</span> <span class='ocrx_word' id='word_1_92' title='bbox 2125 2176 2181 2226; x_wconf 71' lang='lat' dir='ltr'><em>A</em></span> <span class='ocrx_word' id='word_1_93' title='bbox 2264 2173 2359 2230; x_wconf 85' lang='lat' dir='ltr'>Ad</span> <span class='ocrx_word' id='word_1_94' title='bbox 2396 2174 2711 2234; x_wconf 87' lang='lat' dir='ltr'>Crerrinum</span> <span class='ocrx_word' id='word_1_95' title='bbox 2747 2182 2809 2234; x_wconf 84' lang='lat' dir='ltr'><em>E</em></span> 
     </span>
     <span class='ocr_line' id='line_1_17' title="bbox 529 2254 2813 2320; baseline 0.004 -8"><span class='ocrx_word' id='word_1_96' title='bbox 529 2257 627 2313; x_wconf 86' lang='lat' dir='ltr'>Ad</span> <span class='ocrx_word' id='word_1_97' title='bbox 663 2256 951 2313; x_wconf 85' lang='lat' dir='ltr'>Cerrinum</span> <span class='ocrx_word' id='word_1_98' title='bbox 987 2257 1047 2310; x_wconf 87' lang='lat' dir='ltr'><em>F</em></span> <span class='ocrx_word' id='word_1_99' title='bbox 1143 2260 1187 2310; x_wconf 87' lang='lat'>1.</span> <span class='ocrx_word' id='word_1_100' title='bbox 1226 2254 1441 2311; x_wconf 80' lang='lat' dir='ltr'>Cen-ini</span> <span class='ocrx_word' id='word_1_101' title='bbox 1474 2256 1708 2310; x_wconf 78' lang='lat' dir='ltr'><strong><em>AEFG</em></strong></span> <span class='ocrx_word' id='word_1_102' title='bbox 1743 2258 1952 2311; x_wconf 74' lang='lat' dir='ltr'>Gilbert</span> <span class='ocrx_word' id='word_1_103' title='bbox 2023 2256 2211 2313; x_wconf 87' lang='lat' dir='ltr'>Cerini</span> <span class='ocrx_word' id='word_1_104' title='bbox 2248 2261 2423 2316; x_wconf 82' lang='lat' dir='ltr'>XBC&#39;</span> <span class='ocrx_word' id='word_1_105' title='bbox 2494 2260 2707 2320; x_wconf 86' lang='lat' dir='ltr'>Certini</span> <span class='ocrx_word' id='word_1_106' title='bbox 2746 2267 2813 2319; x_wconf 87' lang='lat' dir='ltr'><em>N</em></span> 
     </span>
     <span class='ocr_line' id='line_1_18' title="bbox 530 2340 2430 2414; baseline 0.002 -16"><span class='ocrx_word' id='word_1_107' title='bbox 530 2342 731 2399; x_wconf 83' lang='lat' dir='ltr'>Cerine</span> <span class='ocrx_word' id='word_1_108' title='bbox 768 2345 821 2398; x_wconf 83' lang='grc' dir='ltr'><strong><em>Ρ</em></strong></span> <span class='ocrx_word' id='word_1_109' title='bbox 887 2341 1104 2409; x_wconf 78' lang='lat' dir='ltr'>Quirini</span> <span class='ocrx_word' id='word_1_110' title='bbox 1132 2345 1178 2405; x_wconf 84' lang='lat' dir='ltr'>Q</span> <span class='ocrx_word' id='word_1_111' title='bbox 1250 2340 1505 2397; x_wconf 81' lang='lat' dir='ltr'>Chirrine</span> <span class='ocrx_word' id='word_1_112' title='bbox 1552 2344 1605 2395; x_wconf 87' lang='lat' dir='ltr'><em>T</em></span> <span class='ocrx_word' id='word_1_113' title='bbox 1669 2340 1875 2412; x_wconf 72' lang='lat' dir='ltr'>Cyl-eni</span> <span class='ocrx_word' id='word_1_114' title='bbox 1914 2344 2154 2414; x_wconf 71' lang='lat' dir='ltr'>Scaliyer</span> <span class='ocrx_word' id='word_1_115' title='bbox 2165 2346 2265 2398; x_wconf 78' lang='lat' dir='ltr'>Ser</span> <span class='ocrx_word' id='word_1_116' title='bbox 2277 2347 2430 2401; x_wconf 65' lang='lat' dir='ltr'>Solen.</span> 
     </span>
    </p>
   </div>
   <div class='ocr_carea' id='block_1_7' title="bbox 536 2452 949 2459">
    <p class='ocr_par' dir='ltr' id='par_1_7' title="bbox 536 2452 949 2459">
     <span class='ocr_line' id='line_1_19' title="bbox 536 2452 949 2459; baseline 0 0"><span class='ocrx_word' id='word_1_117' title='bbox 536 2452 949 2459; x_wconf 95' lang='lat' dir='ltr'> </span> 
     </span>
    </p>
   </div>
   <div class='ocr_carea' id='block_1_8' title="bbox 533 2494 2805 2825">
    <p class='ocr_par' dir='ltr' id='par_1_8' title="bbox 533 2494 2805 2825">
     <span class='ocr_line' id='line_1_20' title="bbox 669 2494 2804 2569; baseline 0.004 -16"><span class='ocrx_word' id='word_1_118' title='bbox 669 2498 837 2553; x_wconf 88' lang='lat' dir='ltr'>XVII</span> <span class='ocrx_word' id='word_1_119' title='bbox 873 2501 922 2551; x_wconf 84' lang='lat'>3.</span> <span class='ocrx_word' id='word_1_120' title='bbox 959 2500 1008 2552; x_wconf 84' lang='lat'>4.</span> <span class='ocrx_word' id='word_1_121' title='bbox 1068 2496 1324 2552; x_wconf 82' lang='lat' dir='ltr'>Joannes</span> <span class='ocrx_word' id='word_1_122' title='bbox 1363 2494 1569 2553; x_wconf 85' lang='lat' dir='ltr'>Sarisb.</span> <span class='ocrx_word' id='word_1_123' title='bbox 1607 2496 1873 2567; x_wconf 83' lang='lat' dir='ltr'>Metalog.</span> <span class='ocrx_word' id='word_1_124' title='bbox 1909 2497 2060 2553; x_wconf 92' lang='lat' dir='ltr'>Prol.</span> <span class='ocrx_word' id='word_1_125' title='bbox 2103 2503 2173 2568; x_wconf 87' lang='lat' dir='ltr'>(p.</span> <span class='ocrx_word' id='word_1_126' title='bbox 2213 2502 2242 2551; x_wconf 88' lang='lat'><strong>3</strong></span> <span class='ocrx_word' id='word_1_127' title='bbox 2281 2499 2368 2554; x_wconf 85' lang='lat' dir='ltr'>ed.</span> <span class='ocrx_word' id='word_1_128' title='bbox 2405 2502 2585 2569; x_wconf 83' lang='lat' dir='ltr'>princ.</span> <span class='ocrx_word' id='word_1_129' title='bbox 2628 2503 2804 2561; x_wconf 84' lang='lat' dir='ltr'>Paris.</span> 
     </span>
     <span class='ocr_line' id='line_1_21' title="bbox 537 2581 2805 2655; baseline 0.005 -19"><span class='ocrx_word' id='word_1_130' title='bbox 537 2587 665 2638; x_wconf 91' lang='grc'><strong>1610</strong></span> <span class='ocrx_word' id='word_1_131' title='bbox 703 2601 758 2654; x_wconf 87' lang='lat' dir='ltr'>p.</span> <span class='ocrx_word' id='word_1_132' title='bbox 796 2586 893 2636; x_wconf 83' lang='grc'>731</span> <span class='ocrx_word' id='word_1_133' title='bbox 932 2581 1267 2647; x_wconf 85' lang='lat' dir='ltr'>Amstelod.)</span> <span class='ocrx_word' id='word_1_134' title='bbox 1328 2582 1475 2637; x_wconf 87' lang='lat' dir='ltr'>Hine</span> <span class='ocrx_word' id='word_1_135' title='bbox 1511 2589 1603 2638; x_wconf 86' lang='lat' dir='ltr'>est</span> <span class='ocrx_word' id='word_1_136' title='bbox 1646 2582 1815 2638; x_wconf 84' lang='lat' dir='ltr'>illud:</span> <span class='ocrx_word' id='word_1_137' title='bbox 1868 2582 2054 2653; x_wconf 79' lang='lat' dir='ltr'>Egisti</span> <span class='ocrx_word' id='word_1_138' title='bbox 2101 2583 2273 2647; x_wconf 88' lang='lat' dir='ltr'>nihil,</span> <span class='ocrx_word' id='word_1_139' title='bbox 2325 2586 2534 2655; x_wconf 86' lang='lat' dir='ltr'>inquit,</span> <span class='ocrx_word' id='word_1_140' title='bbox 2582 2595 2642 2645; x_wconf 88' lang='lat' dir='ltr'>et</span> <span class='ocrx_word' id='word_1_141' title='bbox 2678 2608 2713 2645; x_wconf 92' lang='lat' dir='ltr'>a</span> <span class='ocrx_word' id='word_1_142' title='bbox 2747 2599 2805 2648; x_wconf 83' lang='lat' dir='ltr'>te</span> 
     </span>
     <span class='ocr_line' id='line_1_22' title="bbox 533 2668 2803 2739; baseline 0.004 -13"><span class='ocrx_word' id='word_1_143' title='bbox 533 2686 708 2726; x_wconf 82' lang='lat' dir='ltr'>causa</span> <span class='ocrx_word' id='word_1_144' title='bbox 753 2669 978 2739; x_wconf 88' lang='lat' dir='ltr'>perdita</span> <span class='ocrx_word' id='word_1_145' title='bbox 1023 2675 1114 2725; x_wconf 86' lang='lat' dir='ltr'>est</span> <span class='ocrx_word' id='word_1_146' title='bbox 1160 2668 1400 2738; x_wconf 84' lang='lat' dir='ltr'>(perdita</span> <span class='ocrx_word' id='word_1_147' title='bbox 1453 2685 1632 2725; x_wconf 85' lang='lat' dir='ltr'>eausa</span> <span class='ocrx_word' id='word_1_148' title='bbox 1674 2675 1764 2724; x_wconf 86' lang='lat' dir='ltr'>est</span> <span class='ocrx_word' id='word_1_149' title='bbox 1809 2685 1949 2724; x_wconf 82' lang='lat' dir='ltr'>corr.</span> <span class='ocrx_word' id='word_1_150' title='bbox 1985 2668 2327 2737; x_wconf 84' lang='lat' dir='ltr'>Amstelod.)</span> <span class='ocrx_word' id='word_1_151' title='bbox 2391 2671 2579 2729; x_wconf 85' lang='lat' dir='ltr'>Tanto</span> <span class='ocrx_word' id='word_1_152' title='bbox 2628 2676 2803 2734; x_wconf 85' lang='lat' dir='ltr'>debes</span> 
     </span>
     <span class='ocr_line' id='line_1_23' title="bbox 533 2754 2117 2825; baseline -0.001 -15"><span class='ocrx_word' id='word_1_153' title='bbox 533 2755 665 2825; x_wconf 87' lang='lat' dir='ltr'>plus</span> <span class='ocrx_word' id='word_1_154' title='bbox 708 2754 855 2825; x_wconf 53' lang='lat' dir='ltr'>«plus</span> <span class='ocrx_word' id='word_1_155' title='bbox 893 2755 1068 2811; x_wconf 85' lang='lat' dir='ltr'>debes</span> <span class='ocrx_word' id='word_1_156' title='bbox 1101 2754 1440 2821; x_wconf 82' lang='lat' dir='ltr'>Amstelod.)</span> <span class='ocrx_word' id='word_1_157' title='bbox 1487 2754 1675 2820; x_wconf 82' lang='lat' dir='ltr'>Sexte,</span> <span class='ocrx_word' id='word_1_158' title='bbox 1711 2755 1868 2824; x_wconf 85' lang='lat' dir='ltr'>quod</span> <span class='ocrx_word' id='word_1_159' title='bbox 1903 2755 2117 2811; x_wconf 79' lang='lat' dir='ltr'>erubui.</span> 
     </span>
    </p>
   </div>
   <div class='ocr_carea' id='block_1_9' title="bbox 529 2863 947 2872">
    <p class='ocr_par' dir='ltr' id='par_1_9' title="bbox 529 2863 947 2872">
     <span class='ocr_line' id='line_1_24' title="bbox 529 2863 947 2872; baseline 0 0"><span class='ocrx_word' id='word_1_160' title='bbox 529 2863 947 2872; x_wconf 95' lang='lat' dir='ltr'> </span> 
     </span>
    </p>
   </div>
   <div class='ocr_carea' id='block_1_10' title="bbox 527 2908 2808 4345">
    <p class='ocr_par' dir='ltr' id='par_1_10' title="bbox 528 2908 2808 3835">
     <span class='ocr_line' id='line_1_25' title="bbox 670 2908 2803 2986; baseline 0.003 -21"><span class='ocrx_word' id='word_1_161' title='bbox 670 2915 721 2965; x_wconf 88' lang='lat'>5.</span> <span class='ocrx_word' id='word_1_162' title='bbox 787 2910 951 2966; x_wconf 81' lang='lat' dir='ltr'>Naeh</span> <span class='ocrx_word' id='word_1_163' title='bbox 1011 2908 1366 2966; x_wconf 85' lang='lat' dir='ltr'>Sehmieders</span> <span class='ocrx_word' id='word_1_164' title='bbox 1417 2910 1693 2981; x_wconf 84' lang='lat' dir='ltr'>riehtiger</span> <span class='ocrx_word' id='word_1_165' title='bbox 1743 2910 2065 2981; x_wconf 69' lang='lat' dir='ltr'>Erkliimng</span> <span class='ocrx_word' id='word_1_166' title='bbox 2116 2912 2209 2968; x_wconf 89' lang='lat' dir='ltr'>bei</span> <span class='ocrx_word' id='word_1_167' title='bbox 2263 2912 2576 2971; x_wconf 82' lang='lat' dir='ltr'>Guttmann</span> <span class='ocrx_word' id='word_1_168' title='bbox 2617 2934 2673 2986; x_wconf 89' lang='lat' dir='ltr'>p.</span> <span class='ocrx_word' id='word_1_169' title='bbox 2711 2922 2803 2973; x_wconf 85' lang='lat'>53:</span> 
     </span>
     <span class='ocr_line' id='line_1_26' title="bbox 530 2995 2806 3070; baseline 0.004 -18"><span class='ocrx_word' id='word_1_170' title='bbox 530 3012 736 3065; x_wconf 86' lang='lat' dir='ltr'>panem</span> <span class='ocrx_word' id='word_1_171' title='bbox 771 2995 916 3052; x_wconf 83' lang='lat' dir='ltr'>faeit</span> <span class='ocrx_word' id='word_1_172' title='bbox 960 2997 994 3050; x_wconf 89' lang='lat' dir='ltr'>i.</span> <span class='ocrx_word' id='word_1_173' title='bbox 1033 3011 1080 3051; x_wconf 91' lang='lat' dir='ltr'>e.</span> <span class='ocrx_word' id='word_1_174' title='bbox 1128 2996 1344 3051; x_wconf 83' lang='lat' dir='ltr'>vietum</span> <span class='ocrx_word' id='word_1_175' title='bbox 1388 3004 1578 3065; x_wconf 85' lang='lat' dir='ltr'>parat,</span> <span class='ocrx_word' id='word_1_176' title='bbox 1625 2997 1727 3051; x_wconf 83' lang='lat' dir='ltr'>sed</span> <span class='ocrx_word' id='word_1_177' title='bbox 1772 2996 1943 3052; x_wconf 84' lang='lat' dir='ltr'>etiam</span> <span class='ocrx_word' id='word_1_178' title='bbox 1989 2995 2133 3053; x_wconf 87' lang='lat' dir='ltr'>faeit</span> <span class='ocrx_word' id='word_1_179' title='bbox 2178 2997 2416 3055; x_wconf 83' lang='lat' dir='ltr'>farinam</span> <span class='ocrx_word' id='word_1_180' title='bbox 2459 3002 2499 3054; x_wconf 86' lang='lat' dir='ltr'>i.</span> <span class='ocrx_word' id='word_1_181' title='bbox 2539 3018 2589 3057; x_wconf 86' lang='lat' dir='ltr'>e.</span> <span class='ocrx_word' id='word_1_182' title='bbox 2640 3010 2806 3070; x_wconf 82' lang='lat' dir='ltr'>parta</span> 
     </span>
     <span class='ocr_line' id='line_1_27' title="bbox 530 3080 2808 3150; baseline 0.003 -13"><span class='ocrx_word' id='word_1_183' title='bbox 530 3082 799 3138; x_wconf 84' lang='lat' dir='ltr'>dissolvit</span> <span class='ocrx_word' id='word_1_184' title='bbox 843 3087 903 3137; x_wconf 88' lang='lat' dir='ltr'>et</span> <span class='ocrx_word' id='word_1_185' title='bbox 955 3081 1119 3150; x_wconf 83' lang='lat' dir='ltr'>quasi</span> <span class='ocrx_word' id='word_1_186' title='bbox 1171 3081 1232 3135; x_wconf 88' lang='lat' dir='ltr'>in</span> <span class='ocrx_word' id='word_1_187' title='bbox 1284 3080 1522 3136; x_wconf 82' lang='lat' dir='ltr'>farinam</span> <span class='ocrx_word' id='word_1_188' title='bbox 1575 3087 1635 3135; x_wconf 88' lang='lat' dir='ltr'>et</span> <span class='ocrx_word' id='word_1_189' title='bbox 1667 3080 1956 3150; x_wconf 86' lang='lat' dir='ltr'>pulverem</span> <span class='ocrx_word' id='word_1_190' title='bbox 2003 3082 2220 3137; x_wconf 85' lang='lat' dir='ltr'>minuit.</span> <span class='ocrx_word' id='word_1_191' title='bbox 2305 3083 2515 3139; x_wconf 85' lang='lat' dir='ltr'>Farina</span> <span class='ocrx_word' id='word_1_192' title='bbox 2565 3085 2808 3144; x_wconf 85' lang='lat' dir='ltr'>braueht</span> 
     </span>
     <span class='ocr_line' id='line_1_28' title="bbox 532 3164 2804 3234; baseline 0.003 -13"><span class='ocrx_word' id='word_1_193' title='bbox 532 3167 753 3221; x_wconf 90' lang='lat' dir='ltr'>Plinius</span> <span class='ocrx_word' id='word_1_194' title='bbox 788 3165 937 3221; x_wconf 69' lang='lat' dir='ltr'>oster</span> <span class='ocrx_word' id='word_1_195' title='bbox 971 3182 1087 3221; x_wconf 86' lang='lat' dir='ltr'>von</span> <span class='ocrx_word' id='word_1_196' title='bbox 1122 3164 1479 3221; x_wconf 83' lang='lat' dir='ltr'>Substanzen</span> <span class='ocrx_word' id='word_1_197' title='bbox 1514 3166 1573 3219; x_wconf 89' lang='lat' dir='ltr'>in</span> <span class='ocrx_word' id='word_1_198' title='bbox 1610 3165 2025 3234; x_wconf 81' lang='lat' dir='ltr'>pulverisirtem</span> <span class='ocrx_word' id='word_1_199' title='bbox 2061 3167 2364 3222; x_wconf 86' lang='lat' dir='ltr'>Zustande.</span> <span class='ocrx_word' id='word_1_200' title='bbox 2422 3168 2489 3223; x_wconf 85' lang='lat' dir='ltr'>N.</span> <span class='ocrx_word' id='word_1_201' title='bbox 2517 3168 2566 3222; x_wconf 88' lang='lat' dir='ltr'>h.</span> <span class='ocrx_word' id='word_1_202' title='bbox 2603 3170 2804 3227; x_wconf 86' lang='lat' dir='ltr'>XXIII</span> 
     </span>
     <span class='ocr_line' id='line_1_29' title="bbox 532 3248 2803 3311; baseline 0.004 -8"><span class='ocrx_word' id='word_1_203' title='bbox 532 3254 625 3306; x_wconf 93' lang='grc'>161</span> <span class='ocrx_word' id='word_1_204' title='bbox 666 3250 932 3306; x_wconf 89' lang='lat' dir='ltr'>foliorum</span> <span class='ocrx_word' id='word_1_205' title='bbox 978 3250 1254 3305; x_wconf 88' lang='lat' dir='ltr'>arentium</span> <span class='ocrx_word' id='word_1_206' title='bbox 1298 3248 1483 3304; x_wconf 83' lang='lat' dir='ltr'>farina</span> <span class='ocrx_word' id='word_1_207' title='bbox 1517 3249 1740 3303; x_wconf 88' lang='lat' dir='ltr'>XXXII</span> <span class='ocrx_word' id='word_1_208' title='bbox 1775 3252 1839 3302; x_wconf 85' lang='lat'>79</span> <span class='ocrx_word' id='word_1_209' title='bbox 1875 3249 2061 3306; x_wconf 83' lang='lat' dir='ltr'>farina</span> <span class='ocrx_word' id='word_1_210' title='bbox 2107 3253 2397 3308; x_wconf 87' lang='lat' dir='ltr'>marmoris</span> <span class='ocrx_word' id='word_1_211' title='bbox 2431 3253 2679 3311; x_wconf 84' lang='lat' dir='ltr'>XXXIV</span> <span class='ocrx_word' id='word_1_212' title='bbox 2709 3261 2803 3311; x_wconf 85' lang='grc'>170</span> 
     </span>
     <span class='ocr_line' id='line_1_30' title="bbox 530 3333 2803 3405; baseline 0.002 -11"><span class='ocrx_word' id='word_1_213' title='bbox 530 3337 728 3394; x_wconf 85' lang='lat' dir='ltr'>teritur</span> <span class='ocrx_word' id='word_1_214' title='bbox 762 3337 823 3390; x_wconf 92' lang='lat' dir='ltr'>in</span> <span class='ocrx_word' id='word_1_215' title='bbox 856 3334 1095 3391; x_wconf 83' lang='lat' dir='ltr'>farinam</span> <span class='ocrx_word' id='word_1_216' title='bbox 1129 3333 1348 3389; x_wconf 81' lang='lat' dir='ltr'>XXXV</span> <span class='ocrx_word' id='word_1_217' title='bbox 1396 3336 1490 3389; x_wconf 88' lang='grc'>183</span> <span class='ocrx_word' id='word_1_218' title='bbox 1541 3338 1775 3405; x_wconf 80' lang='lat' dir='ltr'>(gypsus</span> <span class='ocrx_word' id='word_1_219' title='bbox 1824 3336 2099 3403; x_wconf 84' lang='lat' dir='ltr'>madidus)</span> <span class='ocrx_word' id='word_1_220' title='bbox 2155 3337 2320 3392; x_wconf 88' lang='lat' dir='ltr'>tundi</span> <span class='ocrx_word' id='word_1_221' title='bbox 2367 3345 2428 3394; x_wconf 85' lang='lat' dir='ltr'>et</span> <span class='ocrx_word' id='word_1_222' title='bbox 2469 3340 2529 3394; x_wconf 91' lang='lat' dir='ltr'>in</span> <span class='ocrx_word' id='word_1_223' title='bbox 2565 3339 2803 3398; x_wconf 87' lang='lat' dir='ltr'>farinam</span> 
     </span>
     <span class='ocr_line' id='line_1_31' title="bbox 528 3419 2801 3491; baseline 0.003 -14"><span class='ocrx_word' id='word_1_224' title='bbox 528 3423 737 3478; x_wconf 83' lang='lat' dir='ltr'>resolvi</span> <span class='ocrx_word' id='word_1_225' title='bbox 773 3422 1004 3491; x_wconf 86' lang='lat' dir='ltr'>patitur.</span> <span class='ocrx_word' id='word_1_226' title='bbox 1077 3419 1240 3476; x_wconf 82' lang='lat' dir='ltr'>ovid.</span> <span class='ocrx_word' id='word_1_227' title='bbox 1282 3420 1427 3475; x_wconf 85' lang='lat' dir='ltr'>med.</span> <span class='ocrx_word' id='word_1_228' title='bbox 1469 3419 1581 3476; x_wconf 82' lang='lat' dir='ltr'>fac.</span> <span class='ocrx_word' id='word_1_229' title='bbox 1623 3423 1684 3473; x_wconf 90' lang='grc'>61</span> <span class='ocrx_word' id='word_1_230' title='bbox 1740 3420 2043 3490; x_wconf 86' lang='lat' dir='ltr'>pulvereae</span> <span class='ocrx_word' id='word_1_231' title='bbox 2079 3421 2312 3479; x_wconf 83' lang='lat' dir='ltr'>farinae.</span> <span class='ocrx_word' id='word_1_232' title='bbox 2384 3425 2500 3480; x_wconf 78' lang='lat' dir='ltr'>Fur</span> <span class='ocrx_word' id='word_1_233' title='bbox 2534 3426 2628 3482; x_wconf 82' lang='lat' dir='ltr'>die</span> <span class='ocrx_word' id='word_1_234' title='bbox 2653 3428 2801 3484; x_wconf 91' lang='lat' dir='ltr'>Vor-</span> 
     </span>
     <span class='ocr_line' id='line_1_32' title="bbox 528 3505 2803 3581; baseline 0.003 -18"><span class='ocrx_word' id='word_1_235' title='bbox 528 3514 873 3576; x_wconf 82' lang='lat' dir='ltr'>aussetzung</span> <span class='ocrx_word' id='word_1_236' title='bbox 908 3507 1010 3562; x_wconf 85' lang='lat' dir='ltr'>der</span> <span class='ocrx_word' id='word_1_237' title='bbox 1045 3523 1160 3562; x_wconf 86' lang='lat' dir='ltr'>von</span> <span class='ocrx_word' id='word_1_238' title='bbox 1195 3505 1507 3562; x_wconf 82' lang='lat' dir='ltr'>Guttmann</span> <span class='ocrx_word' id='word_1_239' title='bbox 1543 3522 2023 3577; x_wconf 79' lang='lat' dir='ltr'>angenommenen</span> <span class='ocrx_word' id='word_1_240' title='bbox 2057 3507 2401 3581; x_wconf 81' lang='lat' dir='ltr'>Bedeutung</span> <span class='ocrx_word' id='word_1_241' title='bbox 2436 3510 2627 3567; x_wconf 83' lang='lat' dir='ltr'>faeere</span> <span class='ocrx_word' id='word_1_242' title='bbox 2663 3513 2803 3570; x_wconf 84' lang='lat' dir='ltr'>fari-</span> 
     </span>
     <span class='ocr_line' id='line_1_33' title="bbox 529 3590 2804 3667; baseline 0.003 -19"><span class='ocrx_word' id='word_1_243' title='bbox 529 3610 659 3649; x_wconf 90' lang='lat' dir='ltr'>nam</span> <span class='ocrx_word' id='word_1_244' title='bbox 697 3600 845 3649; x_wconf 86' lang='lat' dir='ltr'>etwa</span> <span class='ocrx_word' id='word_1_245' title='bbox 878 3593 985 3648; x_wconf 83' lang='lat' dir='ltr'>wie</span> <span class='ocrx_word' id='word_1_246' title='bbox 1019 3592 1350 3664; x_wconf 72' lang='grc' dir='ltr'><strong>λεπτολογεῖν</strong></span> <span class='ocrx_word' id='word_1_247' title='bbox 1395 3590 1705 3661; x_wconf 86' lang='lat' dir='ltr'>(Aristoph.</span> <span class='ocrx_word' id='word_1_248' title='bbox 1740 3591 1885 3648; x_wconf 72' lang='grc' dir='ltr'><strong>Ναὶ).</strong></span> <span class='ocrx_word' id='word_1_249' title='bbox 1917 3595 2033 3661; x_wconf 86' lang='grc'><strong>319)</strong></span> <span class='ocrx_word' id='word_1_250' title='bbox 2070 3593 2217 3650; x_wconf 81' lang='lat' dir='ltr'>fehlt</span> <span class='ocrx_word' id='word_1_251' title='bbox 2252 3611 2313 3651; x_wconf 88' lang='lat' dir='ltr'>es</span> <span class='ocrx_word' id='word_1_252' title='bbox 2351 3613 2425 3651; x_wconf 92' lang='lat' dir='ltr'>an</span> <span class='ocrx_word' id='word_1_253' title='bbox 2452 3598 2647 3667; x_wconf 87' lang='lat' dir='ltr'>jedem</span> <span class='ocrx_word' id='word_1_254' title='bbox 2681 3600 2804 3656; x_wconf 90' lang='lat' dir='ltr'>An-</span> 
     </span>
     <span class='ocr_line' id='line_1_34' title="bbox 531 3676 2804 3750; baseline 0.004 -16"><span class='ocrx_word' id='word_1_255' title='bbox 531 3679 707 3744; x_wconf 85' lang='lat' dir='ltr'>halte,</span> <span class='ocrx_word' id='word_1_256' title='bbox 744 3679 854 3734; x_wconf 84' lang='lat' dir='ltr'>den</span> <span class='ocrx_word' id='word_1_257' title='bbox 891 3679 1154 3749; x_wconf 79' lang='lat' dir='ltr'>dagegen</span> <span class='ocrx_word' id='word_1_258' title='bbox 1187 3679 1281 3735; x_wconf 88' lang='lat' dir='ltr'>bei</span> <span class='ocrx_word' id='word_1_259' title='bbox 1336 3679 1437 3733; x_wconf 86' lang='lat' dir='ltr'>der</span> <span class='ocrx_word' id='word_1_260' title='bbox 1483 3695 1599 3733; x_wconf 86' lang='lat' dir='ltr'>von</span> <span class='ocrx_word' id='word_1_261' title='bbox 1646 3676 1971 3734; x_wconf 85' lang='lat' dir='ltr'>Sohmieder</span> <span class='ocrx_word' id='word_1_262' title='bbox 2008 3695 2491 3750; x_wconf 80' lang='lat' dir='ltr'>angenommenen</span> <span class='ocrx_word' id='word_1_263' title='bbox 2531 3684 2633 3740; x_wconf 84' lang='lat' dir='ltr'>der</span> <span class='ocrx_word' id='word_1_264' title='bbox 2671 3694 2804 3747; x_wconf 73' lang='lat' dir='ltr'>{von</span> 
     </span>
     <span class='ocr_line' id='line_1_35' title="bbox 531 3762 2179 3835; baseline 0.001 -15"><span class='ocrx_word' id='word_1_265' title='bbox 531 3764 845 3821; x_wconf 85' lang='lat' dir='ltr'>Guttmann</span> <span class='ocrx_word' id='word_1_266' title='bbox 878 3762 970 3819; x_wconf 82' lang='lat' dir='ltr'>fflr</span> <span class='ocrx_word' id='word_1_267' title='bbox 1004 3764 1430 3835; x_wconf 79' lang='lat' dir='ltr'>eingesehoben</span> <span class='ocrx_word' id='word_1_268' title='bbox 1465 3764 1784 3835; x_wconf 77' lang='lat' dir='ltr'>gehaltene)</span> <span class='ocrx_word' id='word_1_269' title='bbox 1827 3782 1884 3819; x_wconf 82' lang='lat' dir='ltr'>v.</span> <span class='ocrx_word' id='word_1_270' title='bbox 1915 3767 1946 3816; x_wconf 85' lang='lat'><strong>3</strong></span> <span class='ocrx_word' id='word_1_271' title='bbox 1982 3765 2179 3822; x_wconf 85' lang='lat' dir='ltr'>bietet.</span> 
     </span>
    </p>

    <p class='ocr_par' dir='ltr' id='par_1_11' title="bbox 667 3848 1505 3920">
     <span class='ocr_line' id='line_1_36' title="bbox 667 3848 1505 3920; baseline -0.002 -16"><span class='ocrx_word' id='word_1_272' title='bbox 667 3850 851 3905; x_wconf 90' lang='lat' dir='ltr'>XVII.</span> <span class='ocrx_word' id='word_1_273' title='bbox 902 3848 1034 3920; x_wconf 85' lang='lat' dir='ltr'>Vgl.</span> <span class='ocrx_word' id='word_1_274' title='bbox 1076 3848 1169 3905; x_wconf 84' lang='lat' dir='ltr'>SG</span> <span class='ocrx_word' id='word_1_275' title='bbox 1203 3851 1230 3904; x_wconf 94' lang='grc' dir='ltr'>Ι</span> <span class='ocrx_word' id='word_1_276' title='bbox 1266 3853 1384 3914; x_wconf 83' lang='grc'><strong>293,</strong></span> <span class='ocrx_word' id='word_1_277' title='bbox 1426 3853 1505 3904; x_wconf 89' lang='grc'>10.</span> 
     </span>
    </p>

    <p class='ocr_par' dir='ltr' id='par_1_12' title="bbox 527 3935 2803 4096">
     <span class='ocr_line' id='line_1_37' title="bbox 664 3935 2803 4007; baseline 0.004 -17"><span class='ocrx_word' id='word_1_278' title='bbox 664 3935 862 3991; x_wconf 89' lang='lat' dir='ltr'>XVIII</span> <span class='ocrx_word' id='word_1_279' title='bbox 902 3938 946 3990; x_wconf 89' lang='lat'>1.</span> <span class='ocrx_word' id='word_1_280' title='bbox 1007 3935 1236 3992; x_wconf 73' lang='lat' dir='ltr'>Gerr-ini.</span> <span class='ocrx_word' id='word_1_281' title='bbox 1295 3937 1470 3992; x_wconf 87' lang='lat' dir='ltr'>Sonst</span> <span class='ocrx_word' id='word_1_282' title='bbox 1495 3936 1735 4006; x_wconf 81' lang='lat' dir='ltr'>nirgend</span> <span class='ocrx_word' id='word_1_283' title='bbox 1769 3944 2039 4007; x_wconf 77' lang='lat' dir='ltr'>genannt.</span> <span class='ocrx_word' id='word_1_284' title='bbox 2089 3937 2196 3992; x_wconf 86' lang='lat' dir='ltr'>Ein</span> <span class='ocrx_word' id='word_1_285' title='bbox 2220 3937 2291 3992; x_wconf 83' lang='grc' dir='ltr'><strong>Μ.</strong></span> <span class='ocrx_word' id='word_1_286' title='bbox 2316 3937 2602 3999; x_wconf 84' lang='lat' dir='ltr'>Cen-iuius</span> <span class='ocrx_word' id='word_1_287' title='bbox 2629 3943 2803 3999; x_wconf 87' lang='lat' dir='ltr'>Vatia</span> 
     </span>
     <span class='ocr_line' id='line_1_38' title="bbox 527 4020 2802 4096; baseline 0.003 -19"><span class='ocrx_word' id='word_1_288' title='bbox 527 4023 590 4079; x_wconf 91' lang='lat' dir='ltr'>in</span> <span class='ocrx_word' id='word_1_289' title='bbox 622 4021 881 4093; x_wconf 87' lang='lat' dir='ltr'>Pompeji</span> <span class='ocrx_word' id='word_1_290' title='bbox 916 4020 1040 4076; x_wconf 86' lang='lat' dir='ltr'>CIL</span> <span class='ocrx_word' id='word_1_291' title='bbox 1074 4021 1155 4077; x_wconf 86' lang='lat' dir='ltr'>IV</span> <span class='ocrx_word' id='word_1_292' title='bbox 1194 4024 1290 4075; x_wconf 87' lang='grc'>156</span> <span class='ocrx_word' id='word_1_293' title='bbox 1324 4038 1381 4076; x_wconf 88' lang='grc'>11.</span> <span class='ocrx_word' id='word_1_294' title='bbox 1422 4024 1541 4074; x_wconf 86' lang='grc'><strong>581.</strong></span> <span class='ocrx_word' id='word_1_295' title='bbox 1601 4022 2023 4079; x_wconf 82' lang='lat' dir='ltr'>Verschiedene</span> <span class='ocrx_word' id='word_1_296' title='bbox 2059 4022 2295 4080; x_wconf 87' lang='lat' dir='ltr'>Cerrinii</span> <span class='ocrx_word' id='word_1_297' title='bbox 2332 4024 2455 4081; x_wconf 85' lang='lat' dir='ltr'>CIL</span> <span class='ocrx_word' id='word_1_298' title='bbox 2488 4026 2544 4080; x_wconf 88' lang='lat' dir='ltr'>X</span> <span class='ocrx_word' id='word_1_299' title='bbox 2565 4043 2620 4096; x_wconf 87' lang='lat' dir='ltr'>p.</span> <span class='ocrx_word' id='word_1_300' title='bbox 2653 4032 2802 4084; x_wconf 83' lang='lat'><strong>1032.</strong></span> 
     </span>
    </p>

    <p class='ocr_par' dir='ltr' id='par_1_13' title="bbox 530 4106 2799 4251">
     <span class='ocr_line' id='line_1_39' title="bbox 667 4106 2799 4180; baseline 0.004 -19"><span class='ocrx_word' id='word_1_301' title='bbox 667 4111 716 4163; x_wconf 83' lang='lat'>3.</span> <span class='ocrx_word' id='word_1_302' title='bbox 752 4112 801 4162; x_wconf 83' lang='lat'>4.</span> <span class='ocrx_word' id='word_1_303' title='bbox 850 4108 981 4178; x_wconf 80' lang='lat' dir='ltr'>Vgl.</span> <span class='ocrx_word' id='word_1_304' title='bbox 1020 4106 1101 4161; x_wconf 89' lang='lat' dir='ltr'>XI</span> <span class='ocrx_word' id='word_1_305' title='bbox 1147 4110 1210 4159; x_wconf 83' lang='grc'>10</span> <span class='ocrx_word' id='word_1_306' title='bbox 1264 4107 1521 4163; x_wconf 88' lang='lat' dir='ltr'>Contulit</span> <span class='ocrx_word' id='word_1_307' title='bbox 1575 4108 1649 4163; x_wconf 87' lang='lat' dir='ltr'>ad</span> <span class='ocrx_word' id='word_1_308' title='bbox 1706 4109 1910 4165; x_wconf 85' lang='lat' dir='ltr'>satiras</span> <span class='ocrx_word' id='word_1_309' title='bbox 1961 4109 2218 4180; x_wconf 77' lang='lat' dir='ltr'>ingentia</span> <span class='ocrx_word' id='word_1_310' title='bbox 2268 4119 2509 4179; x_wconf 77' lang='lat' dir='ltr'>pectora</span> <span class='ocrx_word' id='word_1_311' title='bbox 2560 4112 2799 4170; x_wconf 87' lang='lat' dir='ltr'>Turnus.</span> 
     </span>
     <span class='ocr_line' id='line_1_40' title="bbox 530 4192 1957 4251; baseline 0 -1"><span class='ocrx_word' id='word_1_312' title='bbox 530 4194 644 4250; x_wconf 83' lang='lat' dir='ltr'>Cur</span> <span class='ocrx_word' id='word_1_313' title='bbox 676 4210 793 4250; x_wconf 89' lang='lat' dir='ltr'>non</span> <span class='ocrx_word' id='word_1_314' title='bbox 830 4194 904 4250; x_wconf 85' lang='lat' dir='ltr'>ad</span> <span class='ocrx_word' id='word_1_315' title='bbox 937 4192 1198 4249; x_wconf 84' lang='lat' dir='ltr'>Memoris</span> <span class='ocrx_word' id='word_1_316' title='bbox 1237 4194 1526 4249; x_wconf 72' lang='lat' dir='ltr'>earmina?</span> <span class='ocrx_word' id='word_1_317' title='bbox 1583 4194 1784 4251; x_wconf 86' lang='lat' dir='ltr'>Frater</span> <span class='ocrx_word' id='word_1_318' title='bbox 1819 4201 1957 4251; x_wconf 88' lang='lat' dir='ltr'>erat.</span> 
     </span>
    </p>

    <p class='ocr_par' dir='ltr' id='par_1_14' title="bbox 668 4277 1640 4345">
     <span class='ocr_line' id='line_1_41' title="bbox 668 4277 1640 4345; baseline -0.001 -11"><span class='ocrx_word' id='word_1_319' title='bbox 668 4279 861 4334; x_wconf 66' lang='lat' dir='ltr'>veteri-3</span> <span class='ocrx_word' id='word_1_320' title='bbox 893 4308 963 4318; x_wconf 92' lang='lat'>--</span> <span class='ocrx_word' id='word_1_321' title='bbox 997 4277 1173 4333; x_wconf 70' lang='lat' dir='ltr'>mici.</span> <span class='ocrx_word' id='word_1_322' title='bbox 1233 4278 1313 4333; x_wconf 87' lang='lat' dir='ltr'>Zu</span> <span class='ocrx_word' id='word_1_323' title='bbox 1349 4279 1433 4336; x_wconf 90' lang='lat' dir='ltr'>VI</span> <span class='ocrx_word' id='word_1_324' title='bbox 1469 4280 1552 4345; x_wconf 82' lang='lat'>25,</span> <span class='ocrx_word' id='word_1_325' title='bbox 1591 4282 1640 4334; x_wconf 86' lang='grc'><strong>3.</strong></span> 
     </span>
    </p>
   </div>
   <div class='ocr_carea' id='block_1_11' title="bbox 669 4364 1765 4431">
    <p class='ocr_par' dir='ltr' id='par_1_15' title="bbox 669 4364 1765 4431">
     <span class='ocr_line' id='line_1_42' title="bbox 669 4364 1765 4431; baseline 0.001 -14"><span class='ocrx_word' id='word_1_326' title='bbox 669 4368 716 4417; x_wconf 87' lang='grc'><strong>5.</strong></span> <span class='ocrx_word' id='word_1_327' title='bbox 766 4364 986 4420; x_wconf 73' lang='lat' dir='ltr'>calabri</span> <span class='ocrx_word' id='word_1_328' title='bbox 1016 4394 1085 4403; x_wconf 94' lang='lat'><strong>—</strong></span> <span class='ocrx_word' id='word_1_329' title='bbox 1122 4364 1325 4418; x_wconf 71' lang='lat' dir='ltr'>Flacci.</span> <span class='ocrx_word' id='word_1_330' title='bbox 1390 4364 1470 4419; x_wconf 85' lang='lat' dir='ltr'>Zu</span> <span class='ocrx_word' id='word_1_331' title='bbox 1506 4364 1560 4419; x_wconf 92' lang='lat' dir='ltr'>V</span> <span class='ocrx_word' id='word_1_332' title='bbox 1595 4366 1679 4431; x_wconf 81' lang='lat'>30,</span> <span class='ocrx_word' id='word_1_333' title='bbox 1717 4367 1765 4418; x_wconf 81' lang='lat'>2.</span> 
     </span>
    </p>
   </div>
  </div>
 </body>
</html>
