3192 5084
908 378 1370 449 Epigrammaton
1403 378 1574 437 Liber
1607 379 1692 434 IX
1729 380 1895 446 (editt
1928 382 2039 447 94).
2447 334 2452 339 »
2520 386 2602 449 57

1371 552 1550 618 XIV.

521 664 718 744 Hunc,
766 684 959 748 quem
1000 682 1232 730 mensa
1273 663 1415 746 tibi,
1464 683 1658 748 quem
1702 684 1866 731 cena
1909 666 2165 750 paravit
2209 667 2510 749 amicum,

596 778 754 843 Esse
796 783 987 861 putas
1029 773 1202 841 fidae
1244 781 1470 861 pectus
1513 776 1881 842 amicitiae?

514 891 751 975 Aprum
795 894 973 953 amat
1016 894 1082 953 et
1123 889 1353 953 mullos
1400 894 1465 953 et
1507 906 1735 953 sumen
1780 895 1845 954 et
1888 896 2120 971 ostrea,
2166 910 2295 956 non
2340 897 2422 956 te.

597 1001 759 1066 Tam
801 1000 970 1066 bene
1014 999 1069 1064 si
1116 1018 1355 1081 cenem,
1402 1007 1622 1066 noster
1664 999 1909 1066 amicus
1955 1001 2095 1067 erit.

1390 1138 1536 1203 XV.

516 1250 843 1334 Inscripsit
882 1249 1147 1315 tumulis
1192 1254 1442 1333 septem
1486 1249 1805 1315 scelerata
1848 1249 2127 1315 virorum

598 1360 712 1426 »Se
756 1360 1020 1426 fecisse«
1063 1358 1286 1426 Chloe.
1366 1358 1538 1437 Quid
1581 1367 1733 1444 pote
1777 1361 2178 1445 simplicius?

1371 1496 1546 1562 XVI.

517 1609 860 1676 Consilium
903 1607 1173 1689 formae,
1223 1607 1574 1692 speculum,
1624 1607 1973 1692 dulcesque
2018 1610 2289 1695 capillos

598 1722 947 1805 Pergameo
991 1718 1207 1804 posuit
1250 1718 1419 1785 dona
1462 1727 1719 1786 sacrata
1761 1719 1885 1818 deo

515 1833 632 1899 Ille
671 1851 835 1917 puer
862 1838 1013 1899 tota
1058 1829 1313 1898 domino
1357 1831 1765 1914 gratissimus
1810 1833 1978 1913 aula,

597 1944 872 2010 Nomine
915 1943 1026 2026 qui
1071 1943 1288 2026 signat
1330 1950 1622 2028 tempora
1666 1962 1866 2009 verna
1909 1962 2044 2010 suo.

440 2065 472 2119 5
518 2055 718 2137 Felix,
765 2074 934 2138 quae
980 2054 1097 2120 tali
1142 2060 1439 2120 censetur
1481 2074 1746 2120 munere
1791 2056 2011 2122 tellus!

594 2167 732 2233 Nec
776 2164 1233 2250 Ganymedeas
1276 2167 1499 2232 mallet
1541 2165 1784 2233 habere
1829 2186 2061 2234 comas.

1356 2303 1563 2369 XVII.

512 2417 797 2483 Latonae
840 2413 1210 2481 venerande
1254 2433 1471 2500 nepos,
1522 2416 1635 2497 qui
1679 2416 1942 2482 mitibus
1986 2414 2205 2483 herbis

593 2528 939 2593 Parcarum
983 2546 1214 2592 exoras
1258 2545 1465 2612 pensa
1506 2527 1868 2610 brevesque
1911 2530 2101 2609 colos,

511 2638 643 2705 Hos
682 2638 805 2705 tibi
847 2636 1147 2704 laudatos
1191 2637 1467 2717 domino,
1515 2645 1660 2704 rata
1703 2644 1873 2718 vota,
1923 2639 2190 2724 capillos
2239 2720 2244 2723 ,

591 2750 713 2815 Ille
755 2755 904 2815 tuus
946 2749 1139 2815 Latia
1180 2750 1356 2817 misit
1400 2750 1483 2815 ab
1531 2750 1690 2816 urbe
1735 2769 1924 2834 pner;

433 2869 465 2924 5
508 2860 778 2927 Addidit
820 2866 887 2927 et
926 2860 1202 2927 nitidum
1244 2862 1516 2929 sacratis
1559 2861 1842 2928 crinibus
1887 2861 2123 2943 orbem,

474 3029 580 3085 XV
618 3033 664 3087 1.
728 3029 956 3087 tumulis
993 3033 1095 3095 ΡΩ
1169 3030 1388 3089 tumulo
1424 3032 1580 3087 EFm
1599 3035 1697 3087 Ser
1779 3031 2056 3089 scelerata
2095 3032 2384 3087 PEXAF
2447 3032 2601 3089 cele-

350 3121 466 3173 rata
509 3120 559 3171 G
629 3116 916 3174 celebrata
950 3139 993 3171 ω
1012 3118 1113 3171 Ser
1182 3116 1443 3189 sepulcra
1485 3120 1548 3181 Q.

473 3202 610 3258 XVI
644 3203 811 3275 (filule
847 3202 904 3257 in
940 3206 1016 3267 Q)
1073 3207 1125 3258 4.
1166 3203 1358 3275 signat
1390 3205 1437 3273 ᾧ
1464 3204 1638 3258 Sohn²
1707 3205 1897 3276 signet
1930 3205 2085 3260 EFm
2112 3205 2301 3260 Solam.

474 3287 636 3344 XVII
672 3290 723 3342 3.
778 3289 1008 3345 domino
1043 3294 1169 3346 rata
1200 3295 1340 3346 vota
1385 3290 1640 3345 TESohn
1722 3290 1776 3346 d.
1812 3297 1937 3347 rata
1970 3306 2115 3348 voce
2151 3291 2336 3346 XAG
2405 3290 2460 3346 d.
2496 3307 2602 3348 sua

349 3380 479 3431 vota
511 3374 786 3442 &efen—r
852 3375 1205 3432 dominorum
1239 3390 1383 3432 voce
1419 3398 1479 3431 ω.

473 3519 625 3577 XIV.
685 3519 947 3578 VIncent.
971 3520 1193 3578 Bellov.
1216 3520 1312 3592 Sp.
1338 3523 1394 3577 d.
1434 3520 1517 3577 VI
1539 3521 1605 3573 92
1642 3519 1927 3578 Marcialis
1964 3536 2181 3591 coquus
2220 3520 2401 3588 ,Hunc
2437 3537 2601 3593 quem

342 3621 530 3663 mensa
562 3636 632 3647 —
666 3607 907 3663 amicum
939 3606 1082 3663 Esse
1126 3612 1297 3677 putas
1333 3606 1482 3664 fidae
1516 3636 1587 3646 —
1619 3607 1824 3664 mullos
1861 3612 1921 3663 et
1955 3607 2139 3664 sinum
2182 3612 2272 3677 (σο)
2312 3614 2372 3665 et
2411 3615 2601 3665 ostrea

343 3721 408 3732 —
440 3697 631 3749 noster
666 3692 880 3750 amicus
915 3692 1060 3748 erit!

476 3846 611 3902 XIV
646 3849 695 3902 3.
752 3846 834 3902 Zu
867 3846 956 3903 111
988 3851 1073 3914 45,
1110 3850 1160 3901 6.

474 3932 628 3988 XVI.
690 3932 772 3988 Zu
806 3932 889 3988 IX
929 3934 1007 3987 11.
1347 3937 1394 3989 5.
1453 3933 1536 3989 Zu
1570 3933 1600 3988 1
1635 3935 1717 3998 61,
1755 3933 1806 3986 3.

476 4018 659 4075 XVII.
717 4018 800 4074 Zu
832 4017 917 4074 IX
954 4021 1035 4074 11.

473 4106 522 4157 2.
575 4123 764 4176 poma.
822 4104 893 4159 D.
934 4105 987 4160 h.
1024 4105 1118 4161 die
1153 4105 1583 4176 vorlzngerung
1619 4107 1721 4162 des
1754 4105 2353 4176 Parzengespinnstes.

475 4192 526 4244 3.
585 4195 713 4245 rata
746 4195 888 4246 vota.
948 4190 1031 4247 Zu
1065 4191 1094 4246 1
1131 4194 1212 4247 31.
2150 4198 2160 4204 '

473 4282 520 4329 4.
580 4275 748 4332 Latia
780 4305 850 4316 —
882 4276 1026 4333 urbo.
1086 4277 1168 4334 Zu
1201 4276 1335 4335 VIII
1370 4280 1418 4345 8,
1457 4282 1504 4332 5.
1626 4282 1677 4334 4.
1728 4283 1882 4332 acus.-
1944 4278 2066 4334 also
2119 4291 2222 4334 aus
2264 4275 2600 4346 Pergamum

340 4361 634 4432 gcbflrtig?
