3192 5084
496 371 578 433 66
1307 362 1380 418 n.
1418 362 1634 419 Valerii
1669 363 1942 422 Martiam

753 539 837 604 Et
880 542 1111 620 questa
1155 542 1253 601 est
1293 535 1523 618 longas
1569 555 1698 601 non
1742 538 1902 603 satis
1947 557 2095 604 esse
2140 540 2313 604 vias:

585 659 618 713 5
667 650 956 733 Cumque
1001 646 1187 714 daret
1230 654 1518 713 sanctam
1562 650 1852 727 tumulis,
1902 649 2137 731 quibus
2181 648 2462 732 invidet,
2514 668 2758 728 urnam,

751 762 912 827 Visa
954 760 1079 826 sibi
1126 766 1225 825 est
1267 764 1453 843 rapto
1497 756 1599 823 bis
1645 759 1912 825 viduata
1955 762 2112 827 viro.

1462 939 1709 1003 XXXI.

662 1070 825 1136 Cum
868 1086 1083 1134 eomes
1125 1067 1378 1133 Aretois
1421 1066 1720 1134 haereret
1764 1067 2066 1134 Caesaris
2111 1070 2306 1134 armis

748 1181 989 1260 Velius,
1036 1179 1206 1245 hane
1246 1178 1437 1243 Marti
1480 1197 1595 1262 pro
1642 1177 1805 1244 duee
1849 1181 2028 1247 vovit
2070 1200 2288 1260 avem;
2339 1200 2344 1205 ·

666 1292 853 1357 Luna
895 1299 1125 1375 quater
1166 1290 1352 1355 binos
1397 1307 1525 1354 non
1567 1296 1704 1355 tota
1745 1299 2088 1375 peregerat
2131 1290 2337 1361 orbes.

753 1402 994 1468 Debita
1030 1401 1345 1486 poscebat
1386 1401 1518 1466 iam
1563 1401 1689 1466 sibi
1733 1408 1886 1467 vota
1930 1401 2109 1473 deus,

584 1523 618 1578 5
665 1515 816 1599 Ipse
859 1531 1013 1578 suas
1057 1531 1249 1578 anser
1288 1514 1665 1597 properavit
1705 1513 1917 1579 laetus
1962 1513 2050 1579 ad
2092 1534 2243 1581 aras

751 1626 835 1691 Et
878 1623 1111 1690 oeeidit
1155 1623 1394 1689 sanetis
1437 1623 1653 1690 hostia
1696 1644 1902 1708 parva
1943 1625 2122 1691 focis.

663 1735 821 1803 Octo
864 1734 1051 1801 vides
1095 1735 1315 1819 patulo
1358 1732 1644 1818 pendere
1687 1737 2073 1803 nomismata
2114 1746 2317 1804 rostro

746 1849 984 1913 Alitis?
1025 1846 1189 1912 haee
1234 1846 1399 1911 extis
1444 1844 1705 1912 eondita
1746 1867 1954 1931 nuper
1997 1855 2202 1914 erant.

664 1958 848 2037 Quae
891 1958 1039 2023 litat
1083 1963 1349 2040 argento
1394 1975 1509 2040 pro
1552 1963 1637 2037 te,
1684 1977 1812 2023 non
1856 1960 2188 2042 sanguine,
2238 1959 2497 2039 Caesar,

541 2081 615 2135 10
753 2069 1046 2148 Victima,
1093 2070 1223 2133 iam
1267 2066 1437 2132 ferro
1480 2087 1611 2132 non
1656 2087 1816 2152 opus
1862 2088 2007 2135 esse
2050 2068 2254 2136 doeet.

1472 2248 1754 2312 XXXII.

661 2380 847 2444 Hane
888 2376 1054 2456 volo,
1104 2395 1274 2458 quae
1317 2374 1547 2456 facilis,
1597 2395 1767 2459 quae
1811 2378 2144 2461 palliolata
2186 2387 2481 2463 vagatur,

745 2490 931 2554 Hane
972 2487 1137 2569 volo,
1188 2506 1357 2570 quae
1400 2507 1600 2571 puero
1644 2489 1775 2553 iam
1820 2486 2001 2555 dedit
2044 2497 2194 2556 ante
2237 2510 2400 2572 meo,

659 2602 844 2668 Hane
886 2600 1050 2679 volo,
1099 2619 1293 2683 quam
1337 2596 1595 2664 redimit
1638 2607 1837 2666 totam
1883 2599 2188 2666 denarius
2232 2603 2414 2683 alter,

623 2797 816 2854 xxxl
851 2797 1019 2868 (som
1055 2796 1114 2849 cn
1151 2798 1227 2859 Q)
1267 2796 1314 2847 1.
1355 2793 1497 2850 eum
1532 2780 1689 2849 En„
1705 2796 1844 2850 Scan
1913 2797 2059 2851 Dum
2098 2797 2204 2851 Po
2228 2798 2343 2850 sor.

622 2968 813 3026 XXXI
847 2970 895 3020 3.
960 2966 1057 3022 Sil.
1095 2967 1225 3022 Ital.
1265 2966 1352 3021 III
1386 2968 1451 3020 67
1488 2966 1589 3022 Bis
1640 2981 1808 3022 senos
1856 2967 2025 3023 lunae
2071 2969 2322 3024 nondum
2369 2968 2756 3037 compleverat

482 3059 670 3115 orbes.
740 3053 917 3119 (ovid.
952 3052 1015 3108 F.
1052 3052 1108 3107 11
1147 3054 1244 3105 175
1280 3051 1351 3106 M.
1387 3051 1444 3105 Π
1490 3054 1590 3107 344
1625 3052 1735 3106 VII
1769 3055 1870 3106 530
1905 3052 1989 3107 XI
2025 3055 2109 3106 45:
2149 3053 2287 3109 luna
2317 3082 2389 3092 —
2425 3055 2615 3110 orbem
2648 3055 2754 3109 im-

486 3144 746 3213 pleverat
777 3139 990 3193 Lucan.
1029 3137 1089 3191 11
1126 3140 1225 3190 577
1263 3144 1394 3192 ante
1429 3166 1500 3176 —
1546 3153 1714 3207 quam
1758 3136 2005 3208 Cynthia
2052 3139 2324 3194 conderet
2372 3139 2562 3195 orbem
2611 3138 2751 3196 Stat.

486 3228 668 3284 Theb.
705 3227 733 3280 Ι
760 3226 857 3277 576
892 3227 1202 3279 resumeret
1237 3222 1403 3277 orbes
1427 3219 1710 3291 Cynthia).
1782 3226 1833 3276 6.
1874 3222 1997 3278 Tib.
2021 3223 2049 3276 Ι
2075 3226 2121 3286 8,
2149 3226 2214 3276 70
2250 3222 2333 3278 IV
2356 3225 2403 3290 4,
2431 3226 2497 3276 24
2536 3225 2752 3281 sanetis

486 3344 557 3354 -
591 3310 738 3368 focis
772 3308 856 3364 Id.
893 3308 922 3361 Ι
962 3310 1005 3373 1,
1043 3308 1108 3359 22
1144 3307 1335 3362 hostia
1368 3323 1567 3376 parva.

624 3394 860 3450 XXXII.
917 3393 1137 3448 Auson.
1176 3391 1370 3462 Epigr.
1409 3394 1476 3446 36
1519 3395 1637 3459 (39),
1676 3394 1701 3445 1
1741 3391 1904 3448 Hane
1937 3392 2088 3455 volo,
2127 3408 2271 3463 quae
2305 3409 2424 3449 non
2458 3394 2596 3450 vult.

622 3565 813 3621 XXXI
848 3566 899 3621 2.
977 3564 1174 3619 Velius.
1233 3563 1433 3620 Velius
1477 3562 1693 3620 Paulus
1707 3606 1720 3630 ‚
1755 3571 1921 3620 nnter
1965 3564 2254 3620 Domitian
2288 3565 2603 3623 Proconsul
2639 3584 2753 3624 von

488 3653 794 3725 Bithynien
825 3650 1148 3717 (Mommsen
1172 3649 1295 3704 Ind.
1320 3648 1505 3715 Plin.),
1546 3650 1708 3706 hatte
1741 3651 1890 3706 nach
1916 3651 2101 3708 dieser
2126 3649 2299 3706 Stelle
2325 3668 2399 3706 an
2431 3651 2753 3709 Domitians

489 3735 1015 3805 Sarmatenkriegen
1049 3733 1216 3790 Theil
1251 3748 1602 3803 genommen.

625 3827 675 3879 9.
718 3826 799 3876 10.
860 3821 1033 3876 Diese
1070 3820 1249 3876 Verse
1285 3819 1512 3889 zeigen,
1572 3821 1706 3877 dass
1754 3821 1859 3877 das
1906 3819 2154 3876 Gedieht
2197 3821 2562 3879 unmittelbar
2603 3826 2753 3881 nach

484 3914 616 3969 dem
637 3910 797 3965 Ende
834 3908 935 3963 des
969 3905 1227 3976 Krieges,
1265 3905 1388 3960 also
1423 3907 1499 3961 im
1535 3906 1754 3962 Januar
1789 3908 1854 3959 93
1892 3906 2140 3963 versasst
2172 3907 2267 3963 ist.
2340 3908 2484 3963 Einl.
2513 3908 2565 3964 S.
2593 3912 2652 3964 61
2679 3910 2719 3966 f.

626 3994 848 4051 XXXII
889 3996 933 4046 1.
984 3992 1286 4062 palliolata.
1344 3991 1449 4047 Mit
1482 3992 1611 4047 dem
1654 3991 1977 4060 palliolum,
2026 3994 2206 4048 einem
2249 3992 2601 4061 Ueberwurf,
2653 3997 2756 4052 be-

486 4084 724 4140 kleidet.
784 4077 1113 4150 Marquardt
1146 4076 1257 4131 Prl.
1295 4079 1410 4141 564,
1441 4079 1521 4133 10.
1583 4076 1713 4148 Vgl.
1749 4077 1832 4133 XI
1868 4081 1952 4145 27,
1988 4081 2019 4132 8
2053 4078 2173 4134 und
2208 4079 2340 4135 Juv.
2377 4082 2425 4146 3,
2462 4083 2527 4134 91
2563 4098 2607 4137 s.
2653 4088 2755 4143 (wo

488 4177 635 4227 trotz
681 4168 780 4223 der
831 4164 1246 4237 einstimmigen
1289 4161 1753 4233 Ueberlieferung
1787 4166 2004 4221 Dorida
2051 4166 2211 4234 pullo
2248 4164 2472 4221 Cultam
2518 4166 2755 4236 palliolo

489 4273 560 4312 zu
596 4257 753 4311 lesen
786 4251 905 4316 ist).
1298 4282 1305 4291 -

626 4343 682 4394 3.
735 4337 991 4392 denarius
1027 4340 1178 4393 altor.
1239 4337 1320 4392 Zn
1356 4337 1383 4390 1
1421 4337 1537 4401 103,
1579 4336 1661 4388 10.
