3192 5084
960 410 1419 480 Epigrammaton
1443 410 1613 466 Liber
1637 408 1691 463 X
1714 409 1807 474 (X2
1842 411 1991 466 editt
2015 415 2116 478 98).
2544 418 2665 480 113

575 584 660 649 Et
703 582 908 647 multo
954 584 1112 664 sale,
1163 600 1284 647 nec
1327 589 1545 648 tamen
1589 529 1902 667 proauum,

573 694 781 760 Notus
825 693 1127 777 gentibus
1170 692 1286 758 ille
1330 694 1647 760 Martialis

574 806 657 871 Et
700 813 888 872 notus
932 806 1190 890 populis
1232 843 1321 853 —
1364 804 1521 888 quid
1565 805 1915 872 invidetis?
1955 845 2042 856 —

492 926 529 981 5
576 918 722 983 Non
765 936 905 982 sum
948 914 1402 983 Andraemone
1445 918 1655 983 notior
1698 917 1969 984 caballo.
2068 938 2227 1039 qn}

1056 995 1238 1030 ἢ

1489 1072 1570 1136 Χ-
1602 1059 1676 1147 V&

573 1183 732 1250 Cum
775 1191 864 1262 tu,
911 1184 1256 1267 laurigeris
1301 1204 1539 1249 anuum
1584 1183 1697 1266 qui
1740 1182 2026 1249 fascibus
2071 1185 2293 1264 intras,
2341 1151 2376 1276 x

663 1296 855 1360 Mane
899 1294 1212 1361 salutator
1257 1294 1483 1359 limina
1526 1294 1704 1359 mille
1753 1301 1947 1374 teras,

573 1407 695 1472 Hic
740 1425 860 1490 ego
904 1404 1063 1489 quid
1106 1405 1344 1471 faciam
1361 1409 1392 1468 ‘l
1446 1403 1604 1489 quid
1648 1405 1799 1471 nobi
1837 1456 1849 1485 ‚
1897 1406 2117 1482 Paule,
2163 1407 2496 1490 relinquis,

661 1516 785 1595 Qui
831 1514 931 1582 de·
958 1516 1151 1602 plebe
1194 1516 1448 1581 Numae
1492 1424 1833 1599 denso&
1866 1517 2059 1582 turba
2100 1483 2367 1583 sumus?

401 1669 414 1682 ·
499 1636 533 1691 5
580 1627 701 1706 Qui
747 1647 852 1694 me
895 1629 1215 1713 respiciet,
1263 1627 1588 1693 dominum
1632 1646 1983 1711 regemque
2025 1628 2269 1695 vocabo
2289 1632 2319 1692 ‘l

659 1739 798 1804 Hoc
839 1747 929 1818 tu,
977 1738 1095 1805 sed
1138 1747 1379 1823 quanto
1422 1737 1751 1804 blandius!
1800 1740 1943 1824 ipse
1986 1738 2169 1805 facis.

573 1852 898 1917 Lecticam
941 1850 1252 1917 sellamve
1296 1854 1575 1934 sequar?
1617 1870 1737 1916 nec
1780 1850 1947 1916 ferne
1991 1872 2024 1916 r
2101 1868 2271 1932 usas,

658 1963 785 2027 Per
826 1961 1109 2027 medium
1153 1951 1407 2045 pu'g‘nas
1453 1968 1517 2026 et
1560 1962 1734 2046 prior
1776 1963 1870 2028 ire
1912 1869 2136 2029 lut-fii.

571 2074 844 2157 Saepius
889 2091 1225 2157 assurgam
1269 2074 1566 2139 recitanti
1613 2074 1942 2139 carmina?
2001 2081 2072 2140 tu
2117 2081 2253 2140 stas

451 2193 525 2249 10
657 2185 741 2250 Et
785 2186 1028 2270 pariter
1070 2184 1366 2268 geminas
1410 2183 1624 2251 tendis
1640 2186 1896 2322 ἔξω.
1937 2204 2188 2250 manus.
2219 2180 2247 2267 ι
2314 2271 2320 2276 η

533 2355 587 2409 X
623 2357 673 2409 8.
736 2362 797 2412 et
829 2313 984 2425 μὲι-1501·
1017 2355 1099 2411 ire
1135 2355 1229 2409 Pm
1257 2356 1406 2454 Son)
1428 2356 1531 2411 sed
1565 2358 1723 2425 prior
1756 2356 1837 2411 ire
1876 2356 1984 2418 QF
2067 2357 2169 2412 sed
2207 2360 2326 2421 (set)
2364 2357 2519 2425 prior
2552 2357 2666 2413 isse

407 2441 548 2507 (iste)
590 2442 825 2496 EXAC
842 2442 999 2494 Schtz.

532 2595 586 2649 X
644 2598 692 2648 ’1.
762 2595 1030 2666 Florileg.
1085 2593 1333 2665 Sangall.
1384 2611 1475 2664 ap.
1524 2593 1766 2651 Cramer.
1837 2594 2024 2651 Schol.
2081 2571 2343 2653 Juvenal.
2392 2596 2573 2653 Praef.
2612 2614 2670 2666 p.
2710 2563 2722 2578 ’

414 2683 494 2746 15,
534 2683 597 2734 10
627 2675 913 2750 ³(Stephan
946 2681 1232 2737 NRhMus.
1268 2678 1369 2735 XL
1393 2696 1454 2806 p·
1476 2683 1594 2747 267)
1630 2680 1918 2737 Lecticam
1954 2681 2223 2739 sellamve
2245 2712 2315 2724 —
2338 2697 2540 2739 recuso
2563 2686 2671 2750 (σο).

402 2844 624 2900 etichen
661 2843 838 2909 (Ovid.
874 2843 1000 2900 Am.
1037 2845 1065 2899 Ι
1105 2847 1149 2908 1,
1191 2848 1257 2897 27
1295 2843 1406 2900 Sex
1441 2844 1578 2900 mihi
1616 2851 1813 2914 surgat
1847 2857 1994 2912 opus
2028 2844 2289 2910 numeris,
2325 2845 2388 2899 in
2422 2846 2669 2917 quinque

398 2931 636 2996 residat3
686 2933 752 2984 30
789 2930 953 2986 Musa
987 2945 1089 3000 per
1122 2931 1381 2987 undenos
1416 2929 1795 2986 emodulanda
1828 2930 2025 2998 pedes)
2066 2930 2184 2985 und
2218 2929 2670 3002 Hendecasylla-

400 3015 514 3072 ben
550 3021 639 3082 (zu
673 3017 700 3070 Ι
737 3019 819 3082 61,
860 3018 927 3080 1).
998 3017 1223 3070 Mauro.

533 3104 579 3154 3.
617 3104 667 3155 4.
733 3102 976 3174 qentibm
1009 3132 1079 3142 —
1104 3102 1342 3173 populis.
1420 3101 1702 3157 Gentibus
1750 3107 1808 3156 et
1853 3100 2088 3169 populis
2132 3100 2241 3156 XII
2290 3105 2337 3167 4,
2387 3103 2417 3154 3
2465 3103 2668 3172 populi

399 3194 708 3259 gentesque
743 3193 877 3244 tuae
911 3186 1021 3242 XII
1055 3190 1104 3254 6,
1143 3191 1189 3243 5.
1250 3187 1358 3243 Die
1394 3186 1795 3258 Bevsslkerung
1831 3186 1931 3242 der
1971 3186 2288 3243 Provinzen
2334 3188 2410 3243 im
2444 3188 2668 3259 Gegen-

401 3281 523 3329 satz
560 3290 658 3329 zur
691 3273 1025 3329 romischen.
1081 3273 1161 3328 Zu
1196 3272 1308 3328 XII
1345 3276 1392 3341 3,
1433 3276 1477 3326 1.
2518 3331 2525 3344 ,

541 3363 587 3412 5.
639 3360 768 3413 Non
801 3377 918 3414 sum
953 3360 1340 3414 Andraemone.
1401 3358 1624 3414 Elieion
1657 3373 1774 3414 von
1810 3373 1933 3414 sum
1959 3357 2254 3424 (Luneller
2285 3376 2326 3414 r.
2352 3376 2423 3414 m.
2458 3375 2517 3429 p.
2547 3363 2663 3428 283)

406 3446 552 3501 anch
585 3444 672 3499 XI
709 3446 822 3510 104,
860 3447 892 3497 2
928 3444 1037 3501 XII
1072 3448 1155 3512 68,
1194 3450 1225 3500 3
1262 3444 1404 3499 XIII
1440 3448 1524 3511 76,
1566 3447 1612 3498 1.

535 3531 927 3603 Λῃᾱναεηιοηε.
989 3531 1099 3585 Εἱιι
1133 3531 1458 3592 bertlhmoes
1494 3528 1878 3599 Circuspferd.
1940 3527 2032 3584 SG
2065 3529 2120 3584 11
2155 3532 2271 3582 296.

532 3616 589 3670 X
626 3619 670 3671 1.
739 3607 1093 3687 Andeutun'g
1138 3617 1240 3672 des
1289 3614 1796 3685 mamphalzuges
1840 3616 1944 3671 des
1992 3614 2235 3672 Consule
2280 3616 2429 3672 beim
2471 3616 2667 3675 Amts-

401 3702 629 3757 antritte
663 3715 780 3757 von
815 3703 1001 3757 seiner
1021 3701 1329 3772 Wohnung
1352 3701 1501 3757 nach
1527 3700 1655 3756 dem
1680 3699 1925 3770 Capitol.
1973 3700 2280 3757 Mommsen
2303 3700 2422 3757 StR
2446 3701 2476 3756 Ι
2498 3703 2667 3769 399,3.
2735 3639 2788 3828 x

536 3789 583 3840 2.
630 3785 762 3857 Vgl.
800 3785 890 3842 SG
925 3788 953 3842 I
990 3789 1107 3841 358.
1165 3787 1305 3842 VIII
1338 3790 1422 3852 44,
1459 3789 1492 3839 4
1529 3784 1643 3842 Sed
1679 3802 1842 3842 omne
1865 3786 2039 3841 limen
2086 3788 2333 3844 conteris
2369 3787 2669 3845 salutator.

401 3957 458 4013 h
537 3877 583 3925 5.
646 3871 759 3935 Qui
800 3890 884 3926 me
925 3873 1188 3943 respiciet.
1248 3872 1379 3928 Juv.
1418 3874 1466 3937 3,
1507 3875 1604 3926 185
1640 3870 1719 3928 Ut
1766 3879 1824 3928 te
1868 3873 2140 3942 respiciat
2175 3872 2374 3929 clauso
2419 3872 2666 3929 Veiento

457 3958 626 4014 bello.

536 4043 804 4097 dominum
837 4060 1127 4113 reyemque.
1188 4042 1268 4097 Zu
1303 4042 1329 4096 Ι
1368 4045 1480 4109 112,
1522 4045 1567 4097 1.
1668 4066 1677 4076 ·

540 4131 725 4183 ’1-10.
785 4128 997 4183 Lanter
1032 4127 1511 4184 Clientendienste
1547 4126 1639 4184 SG
1672 4129 1701 4184 1
1736 4132 1855 4184 340.

535 4216 583 4268 8.
639 4213 726 4269 III
759 4215 845 4279 36,
881 4216 914 4266 4
949 4213 1058 4269 Per
1091 4214 1447 4285 mediumque
1481 4214 1674 4270 trahat
1705 4230 1793 4271 me
1828 4221 1929 4270 tua
1963 4214 2107 4270 sella
2141 4214 2337 4269 lutum.

403 4383 442 4439 d
476 4301 617 4438 nklo,
683 4299 763 4356 Es
807 4300 885 4356 ist
932 4315 1005 4355 an
1048 4299 1391 4357 Kusshiinde
1447 4304 1532 4366 (zu
1579 4302 1610 4357 1
1643 4304 1692 4367 3,
1730 4304 1778 4366 7)
1839 4300 1925 4356 als
1986 4299 2543 4370 Beifallsbezeigung
2593 4317 2665 4356 zu

445 4398 476 4439 c
557 4399 643 4440 en.

504 4485 680 4529 larnai
706 4487 766 4530 11.
2224 4489 2255 4540 8
