3192 5084
534 391 655 453 170
1338 378 1409 433 M.
1451 377 1666 435 Valerii
1699 378 1972 434 Martialis

1619 532 1792 649 W
1883 535 1915 544 ..

697 665 912 730 Tanta
955 663 1073 730 tibi
1105 670 1219 728 est
1260 662 1420 728 recti
1462 661 1847 740 reverentia,
1895 661 2156 740 Caesar,
2205 667 2271 726 et
2314 660 2528 742 aequi,

604 762 612 772 ’
782 774 1040 853 Quanta
1082 774 1335 840 Numae
1378 772 1617 839 suerat:
1666 771 1783 838 sed
1826 772 2042 837 Numa
2084 790 2333 856 pauper
2377 778 2547 837 erat..

696 886 919 953 Ardua
962 905 1065 951 res
1108 885 1274 951 haec
1319 892 1436 964 est,
1482 883 1714 967 opibus
1757 903 1886 948 non
1930 883 2186 949 tradere
2232 901 2441 948 mores

782 998 883 1079 Et,
930 1017 1074 1062 cum
1115 1002 1210 1062 tot
1252 995 1522 1062 Croesos
1566 995 1822 1076 viceris,
1869 1013 2013 1060 esse
2056 994 2350 1060 Numam.

617 1119 649 1174 5
699 1109 770 1175 Si
813 1107 1083 1175 redeant
1125 1114 1399 1184 veteres,
1445 1106 1739 1190 ingentia
1780 1107 2059 1184 nomina,
2104 1113 2341 1189 patres,

787 1219 1081 1304 Elysium
1123 1220 1317 1285 liceat
1358 1236 1392 1283 s
1462 1236 1743 1283 vacuare
1786 1235 2041 1283 nemus:

699 1332 796 1396 Te
839 1331 1007 1398 colet
1049 1331 1327 1396 invictus
1533 1326 1837 1396 libertate
1880 1327 2210 1408 Camillae,

792 1431 1035 1508 Aurum
1078 1441 1441 1524 Fabricius,
1490 1447 1555 1506 te
1601 1440 1940 1519 tribuente,
1987 1442 2188 1518 volet;

699 1555 795 1620 Te
840 1553 1004 1619 duce
1046 1552 1361 1636 gaudebit
1401 1552 1658 1633 Brutus,
1708 1551 1826 1618 tibi
1872 1550 2061 1617 Sulla
2104 1557 2404 1617 cruentus

579 1676 650 1731 10
782 1665 1129 1751 Imperium
1174 1663 1402 1744 tradet,
1452 1683 1597 1730 cum
1641 1665 1968 1748 positurus
2000 1664 2165 1742 erit;
2412 1747 2421 1754 ⁶

698 1778 781 1842 Et
824 1782 889 1842 te
932 1776 1184 1859 privato
1231 1795 1373 1841 cum
1419 1776 1707 1841 Caesare
1749 1773 2024 1859 Magnus
2069 1774 2336 1856 amabit,

785 1887 1069 1954 Donabit
1113 1893 1281 1953 totas
1326 1894 1391 1953 et
1431 1887 1553 1953 tibi
1597 1886 1871 1953 Crassus
1916 1905 2090 1971 opes.

699 2000 850 2085 Ipse
895 2017 1151 2082 quoque
1194 1997 1463 2064 infernis
1507 2005 1846 2064 revocatus
1892 1998 2062 2063 Ditis
2107 1998 2190 2063 ab
2236 1997 2478 2063 umbris

786 2109 858 2176 Si
901 2111 1061 2175 Cato
1106 2109 1431 2190 reddatur,
1483 2109 1919 2176 Caesarianus
1965 2111 2106 2175 erit.
2347 2083 2518 2232 ff

1602 2263 1812 2384 Vll&

704 2383 931 2450 Unctis
975 2383 1250 2449 falciferi
1295 2384 1469 2449 senis
1515 2382 1771 2465 diebus,

702 2497 1027 2579 Regnator
1070 2495 1305 2577 quibus
1350 2494 1627 2579 Mperat
1670 2453 1967 2574 fritillus,¹

699 2606 907 2672 Versu
948 2604 1174 2671 ludere
1219 2625 1348 2672 non
1389 2606 1709 2672 laborioso

736 2776 789 2831 V
826 2778 855 2827 7
893 2774 977 2830 Te
1013 2729 1167 2830 colet
1201 2775 1360 2844 aeQF
1423 2775 1608 2831 tholet
1644 2776 1757 2829 EA
1829 2775 1996 2831 tollet
2021 2793 2098 2845 pr
2132 2777 2187 2830 V
2212 2782 2270 2832 te
2306 2774 2464 2832 volet
2498 2799 2542 2831 ω
2577 2795 2699 2831 corr
2736 2780 2795 2831 V.

730 2930 785 2985 V
821 2933 885 2996 (1.
921 2929 1131 2984 Lucan.
1157 2929 1240 2983 IX
1268 2931 1363 2982 192
1401 2930 1494 2984 cui
1515 2929 1775 2985 non-ulla
1809 2929 1921 2985 fuit
1947 2929 2092 3001 justi
2127 2932 2443 2988 reverentia
2467 2933 2655 2987 5—13.
2706 2932 2791 2988 Id..

530 3015 640 3072 VH
676 3018 775 3069 358
813 3014 873 3071 Si
908 3013 1109 3071 Curios
1146 3014 1233 3070 his
1280 3014 1404 3071 fata
1449 3016 1651 3071 darent
1697 3015 2047 3087 reducesque
2094 3013 2362 3074 Camillos
2409 3017 2798 3088 Temporibus.

531 3103 616 3158 Id.
655 3100 736 3156 VI
762 3104 825 3154 55
861 3102 1090 3156 nomina
1123 3100 1393 3170 pauperis
1429 3101 1557 3156 aevi
1575 3101 1864 3157 Fabricios
1890 3102 2203 3172 Curiosque
2239 3120 2455 3173 graves.
2505 3101 2796 3161 Claudian.

533 3189 604 3244 de
639 3186 807 3242 Manl.
844 3184 1126 3242 Theodor.
1165 3202 1321 3241 cons.
1365 3185 1558 3253 (XVII)
1600 3189 1867 3240 163—165
1902 3186 2067 3243 Nunc
2102 3188 2311 3245 Brutus
2346 3197 2559 3246 amaret
2594 3189 2798 3247 Vivere

533 3274 640 3329 sub
684 3288 887 3343 regno,
935 3270 1037 3328 tali
1091 3271 1484 3327 succumberet
1528 3271 1692 3327 aulae
1739 3273 2062 3340 Fabricius,
2111 3283 2384 3345 cuperent
2429 3275 2543 3345 ipsi
2591 3278 2797 3333 servire

534 3356 794 3414 Catones.
866 3360 930 3423 (9.
967 3357 1181 3412 Lucan.
1221 3357 1304 3412 IV
1340 3360 1440 3412 822
1478 3356 1661 3414 Cinna
1697 3364 2001 3424 cruentus).

738 3443 820 3524 V}
859 3446 905 3496 1.
942 3440 1101 3499 ovid.
1139 3443 1254 3500 Ibis
1293 3445 1392 3496 216
1463 3442 1648 3499 Senex
1683 3474 1751 3483 —
1786 3443 2023 3500 falcifer.

735 3597 790 3652 V
825 3599 872 3650 3.
909 3601 959 3651 4.
1000 3597 1261 3654 Vincent.
1299 3597 1516 3654 Bellov.
1555 3597 1650 3667 sp.
1689 3600 1743 3655 d.
1780 3600 1860 3655 VI
1896 3603 1960 3652 75
1996 3600 2279 3656 Marcialis
2316 3615 2530 3671 coquus
2566 3599 2793 3666 ,Ardua‚

531 3699 621 3740 res
657 3683 800 3738 haec
836 3689 923 3738 est
958 3689 1066 3739 etc.
1101 3713 1172 3723 —
1207 3700 1335 3740 cum
1370 3688 1459 3739 tot
1494 3682 1742 3740 Croceos
1782 3691 1860 3750 (so
1894 3688 2015 3753 AC)
2054 3686 2274 3774 viceris,
2312 3701 2439 3742 esse
2476 3687 2739 3743 Numam'.

669 3836 722 3890 V
763 3840 806 3890 1.
852 3838 1028 3891 Tanta
1064 3837 1168 3891 tibi
1199 3842 1275 3892 eat
1311 3860 1376 3884 =
1412 3839 1496 3893 XI
1535 3842 1652 3904 103,
1697 3843 1739 3892 1.

671 3925 719 3976 6.
756 3923 1007 3993 Elysium
1037 3952 1107 3962 —
1142 3941 1324 3977 nemus
1358 3947 1422 3970 =
1457 3924 1569 3979 VII
1604 3928 1690 3989 40,
1730 3927 1781 3977 4.

674 4011 720 4060 7.
758 4009 806 4060 8.
850 4007 1105 4063 Camillus
1138 4038 1208 4046 —
1243 4007 1547 4063 Fabricius.
1609 4008 1692 4064 Zu
1724 4009 1755 4063 Ι
1791 4011 1872 4074 24,
1912 4011 1959 4062 3.

675 4095 753 4146 11.
792 4091 933 4148 Stat.
974 4091 1107 4147 Sssv.
1146 4092 1173 4146 I
1213 4095 1267 4158 l,
1305 4095 1370 4145 27
1410 4098 1498 4161 (an
1541 4094 1846 4159 Domitian)
1896 4093 1979 4150 Te
2028 4095 2194 4165 signa
2239 4095 2456 4153 ferente
2502 4099 2578 4154 Et
2623 4099 2802 4155 mInor

534 4178 596 4233 in
628 4178 788 4249 leges
822 4178 930 4234 iret
961 4192 1136 4248 gener
1171 4182 1229 4233 et
1264 4175 1408 4234 Cato
1445 4180 1609 4248 pacis
1649 4184 1733 4244 (so
1768 4180 2073 4247 Baehrens,
2110 4182 2278 4238 codd.
2317 4184 2552 4248 castris).

676 4265 753 4316 13.
791 4263 1023 4334 infernis
1057 4293 1127 4303 —
1161 4263 1378 4320 umbria.
1437 4264 1518 4320 Zu
1552 4265 1580 4319 I
1618 4266 1701 4331 36,
1740 4268 1789 4318 5.

669 4348 1523 4414 VIl.2.ZuIV14,7u.8.
