3192 5084
828 346 1291 419 Epigrammaton
1321 347 1490 407 Liber
1522 347 1607 402 XI
1648 348 1813 415 (edirt
1845 348 2156 407 December
2180 353 2285 416 96).
2548 353 2673 417 203

1392 521 1689 587 Lxxvl.
1701 495 1772 605 Β

587 628 870 712 Solvere,
917 632 1137 714 Paete,
1185 630 1409 699 deoem
1453 632 1572 699 tibi
1615 652 1720 699 me
1763 634 2061 700 sestertia
2104 634 2300 718 eogis,

669 725 1032 809 Perdiderit
1074 743 1375 827 quoniam
1419 744 1632 811 Bueeo
1679 743 1957 811 ducenta
2000 746 2139 811 tibi.

586 853 688 920 Ne
730 862 1027 940 noeeant,
1077 875 1211 939 oro,
1258 854 1418 923 mihi
1460 875 1589 922 non
1632 876 1779 923 mea
1823 857 2118 922 erimina:
2167 863 2237 922 tu
2281 858 2392 941 qui

669 965 781 1031 Bis
826 973 1099 1032 centena
1140 972 1324 1052 potes
1368 966 1661 1052 perdere,
1707 966 1907 1054 perde
1952 967 2197 1036 decem.

1374 1113 1707 1180 LXXVH.

584 1222 664 1288 In
707 1224 1001 1290 omnibus
1044 1224 1330 1291 Vacerra
1372 1224 1545 1309 quod
1588 1224 2003 1292 conclavibus

557 1333 920 1402 *Consumit
958 1335 1153 1402 horas
1198 1343 1265 1402 et
1306 1333 1416 1402 die
1458 1343 1591 1403 toto
1635 1335 1843 1420 sedet,

585 1446 919 1514 Cenaturit
961 1447 1260 1529 Vacerra,
1308 1468 1436 1514 non
1481 1449 1813 1515 cacaturit.
2029 1462 2085 1561 ζ
2100 1473 2287 1579 05²

1364 1594 1728 1661 LXXVHI.
1993 1673 2005 1686 .

585 1705 786 1772 Utere
828 1703 1125 1771 femineis
1169 1705 1630 1790 eomplexibus,
1676 1711 1876 1785 utere,
1923 1704 2156 1785 Victor,

670 1816 1098 1900 Ignotumque
1140 1816 1269 1883 sibi
1313 1816 1604 1883 mentula
1646 1816 1855 1883 diseat
1906 1835 2088 1902 opus.

583 1928 920 1995 Flammea
960 1935 1263 1995 texuntur
1306 1946 1602 2014 sponsae,
1649 1929 1782 1993 iam
1825 1929 2010 2013 virgo
2053 1934 2341 2014 paratur,

668 2038 990 2107 Tondebit
1031 2059 1266 2124 pueros
1308 2040 1441 2107 iam
1485 2059 1656 2106 nova
1698 2047 1903 2124 nupta
1942 2048 2108 2107 tuoe.

504 2159 538 2216 5
582 2151 936 2218 Paedieare
978 2153 1178 2219 semel
1222 2150 1456 2237 cupido
1500 2150 1685 2217 dabit
1727 2151 1844 2217 illa
1885 2152 2131 2232 marito,

544 2332 552 2340 ,
671 2264 844 2329 Dum
887 2264 1116 2330 metuit
1157 2263 1273 2331 teli
1319 2263 1591 2329 vulnera
1629 2264 1841 2348 prima
1880 2264 2059 2329 novi:

586 2374 865 2460 Saepius
907 2374 1030 2442 hoo
1072 2374 1213 2441 fieri
1258 2375 1475 2442 nutrix
1517 2383 1856 2459 materque
1899 2374 2210 2443 vetabunt

668 2486 754 2553 Et
796 2484 1013 2553 dioent
1067 2487 1295 2567 »Uxor,
1339 2505 1468 2553 non
1512 2506 1694 2570 puer,
1739 2486 1868 2552 ista
1909 2487 2030 2554 tibi
2076 2493 2224 2552 est«

584 2598 731 2664 Heu
773 2604 1048 2682 quantos
1091 2581 1329 2679 aestus,
1378 2604 1653 2682 quantos
1697 2599 1947 2683 patiere
1990 2597 2265 2679 labores,
2358 2659 2365 2666 .

462 2718 536 2775 10
670 2709 741 2776 Si
786 2708 982 2777 fuerit
1025 2728 1271 2775 cunnus
1315 2727 1420 2775 res
1462 2708 1806 2794 peregrina
1849 2708 1997 2774 tibi!

584 2823 755 2906 Ergo
802 2819 1184 2887 Suburanae
1226 2821 1496 2887 tironem
1540 2819 1725 2886 trade
1769 2821 2149 2904 magistrae:

669 2932 799 2999 Illa
841 2934 1050 2999 virum
1093 2931 1318 3013 faeiet3
1364 2950 1492 2997 non
1535 2931 1705 2997 bene
1747 2931 1929 3016 virgo
1974 2929 2177 2997 docet.
2237 2951 2291 3045 b
2308 2960 2446 3056 ,ιθ

1392 3062 1756 3154 LXXIXB

583 3189 688 3256 Ad
729 3189 1006 3275 primum
1051 3186 1304 3254 decima
1344 3187 1631 3274 lapidem
1676 3187 1850 3272 quod
1893 3188 2187 3253 venimus
2231 3187 2413 3270 hora,

668 3302 1014 3386 Arguimur
1052 3302 1272 3367 lentae
1315 3301 1583 3368 erimine
1635 3301 1956 3386 pigritiae.

550 3456 818 3512 LXXVII
853 3458 904 3509 2.
966 3460 1092 3512 toto
1130 3454 1797 3518 PQEXAGFOVSehn
1866 3459 1991 3512 tota
2026 3475 2068 3507 ω
2096 3454 2212 3507 Ser.

548 3592 844 3650 LXXVIII
878 3596 928 3647 5
989 3592 1177 3661 Priap
1215 3596 1246 3647 3
1291 3589 1510 3658 (Ovidii)
1547 3594 1596 3646 7.
1635 3594 1666 3645 8
1703 3591 1869 3658 Quod
1902 3591 2066 3663 virgo
2111 3592 2292 3663 prima
2327 3592 2540 3662 cupido
2577 3594 2678 3649 dat

331 3695 340 3704 ·
411 3687 582 3737 nocte
604 3679 822 3745 marito,
858 3678 1006 3734 Dum
1030 3678 1193 3734 timet
1226 3678 1458 3735 alterius
1495 3678 1704 3735 vulnus
1739 3679 1939 3747 inepta
1973 3678 2086 3734 loei
2130 3677 2369 3746 (Seneca
2403 3677 2670 3736 controv.

412 3768 439 3822 1
463 3770 513 3834 2,
526 3769 592 3820 22
624 3763 961 3822 Ovidianum
994 3764 1138 3820 illud
1175 3765 1388 3834 ,inepta
1411 3765 1574 3875 loeis)
1647 3768 1695 3818 9.
1730 3763 1903 3835 Verg.
1930 3763 2002 3819 A.
2031 3763 2139 3819 XII
2159 3767 2223 3818 33
2248 3766 2407 3822 vides
2434 3771 2676 3836 quantos

413 3854 626 3923 primus
660 3851 881 3922 patiare
914 3850 1156 3909 labores.

547 3979 817 4038 LXXVII
857 3982 902 4035 1.
962 3979 1326 4035 conclavibus:
1376 3979 1705 4037 offentliehe
1741 3979 2010 4045 Abtritte,
2046 3980 2154 4037 wie
2188 3979 2241 4036 V
2277 3983 2361 4044 44,
2402 3983 2433 4033 6
2476 3985 2582 4042 (wo
2619 3994 2680 4034 er

411 4067 705 4125 Bekannte
741 4083 813 4122 zu
849 4066 1047 4123 treffen
1081 4066 1263 4132 hofft).
1335 4066 1568 4122 Gilbert.

550 4153 848 4209 LXXVIII
887 4157 931 4206 1.
995 4152 1194 4207 Victor.
1258 4155 1340 4210 Zu
1373 4153 1484 4208 VII
1520 4154 1604 4207 29.

548 4245 599 4296 4.
657 4239 764 4297 Um
800 4240 885 4296 sie
919 4239 1070 4296 ihres
1103 4239 1475 4310 Hauptreizes
1511 4257 1584 4296 zu
1619 4240 1921 4299 berauben.
1976 4239 2059 4295 Zu
2093 4238 2268 4304 1157,
2306 4240 2357 4293 5.

553 4329 632 4381 11.
684 4326 996 4381 Suburanae
1028 4355 1098 4365 —
1130 4327 1433 4398 maqietrae.
1492 4327 1574 4382 Zu
1608 4326 1825 4393 1117,1
1866 4325 1948 4382 VI
1974 4328 2056 4391 66,
2082 4325 2111 4377 2
2148 4324 2232 4381 XI
2256 4326 2339 4391 61,
2365 4324 2412 4376 3.
