<?xml version="1.0" encoding="UTF-8"?>
<!DOCTYPE html PUBLIC "-//W3C//DTD XHTML 1.0 Transitional//EN"
    "http://www.w3.org/TR/xhtml1/DTD/xhtml1-transitional.dtd">
<html xmlns="http://www.w3.org/1999/xhtml" xml:lang="en" lang="en">
 <head>
  <title>
</title>
<meta http-equiv="Content-Type" content="text/html;charset=utf-8" />
  <meta name='ocr-system' content='tesseract 3.04.00' />
  <meta name='ocr-capabilities' content='ocr_page ocr_carea ocr_par ocr_line ocrx_word'/>
</head>
<body>
  <div class='ocr_page' id='page_1' title='image "./mvaleriimartial02friegoog_0193.png"; bbox 0 0 3192 5084; ppageno 0'>
   <div class='ocr_carea' id='block_1_1' title="bbox 812 389 2661 464">
    <p class='ocr_par' dir='ltr' id='par_1_1' title="bbox 812 389 2661 464">
     <span class='ocr_line' id='line_1_1' title="bbox 812 389 2661 464; baseline -0.003 -16"><span class='ocrx_word' id='word_1_1' title='bbox 812 393 1279 464; x_wconf 82' lang='lat' dir='ltr'><strong>Epigrammaton</strong></span> <span class='ocrx_word' id='word_1_2' title='bbox 1311 391 1480 447; x_wconf 90' lang='lat' dir='ltr'><strong>Liber</strong></span> <span class='ocrx_word' id='word_1_3' title='bbox 1514 389 1596 444; x_wconf 89' lang='lat' dir='ltr'><strong>XI</strong></span> <span class='ocrx_word' id='word_1_4' title='bbox 1636 390 1798 456; x_wconf 88' lang='lat' dir='ltr'><strong>(edirt</strong></span> <span class='ocrx_word' id='word_1_5' title='bbox 1819 389 2129 447; x_wconf 79' lang='lat' dir='ltr'><strong>December</strong></span> <span class='ocrx_word' id='word_1_6' title='bbox 2153 392 2258 454; x_wconf 83' lang='lat'><strong>96).</strong></span> <span class='ocrx_word' id='word_1_7' title='bbox 2544 392 2661 455; x_wconf 83' lang='lat'><strong>187</strong></span> 
     </span>
    </p>
   </div>
   <div class='ocr_carea' id='block_1_2' title="bbox 573 542 2539 929">
    <p class='ocr_par' dir='ltr' id='par_1_2' title="bbox 573 542 2539 929">
     <span class='ocr_line' id='line_1_2' title="bbox 1336 542 1804 634; baseline 0.011 -5"><span class='ocrx_word' id='word_1_8' title='bbox 1336 563 1710 630; x_wconf 80' lang='lat' dir='ltr'><strong>xxxvm.</strong></span> <span class='ocrx_word' id='word_1_9' title='bbox 1738 542 1804 634; x_wconf 73' lang='grc' dir='ltr'><em>Β</em></span> 
     </span>
     <span class='ocr_line' id='line_1_3' title="bbox 573 674 2181 798; baseline -0.004 -54"><span class='ocrx_word' id='word_1_10' title='bbox 573 679 773 745; x_wconf 87' lang='lat' dir='ltr'><strong>Mulio</strong></span> <span class='ocrx_word' id='word_1_11' title='bbox 817 678 1050 763; x_wconf 82' lang='lat' dir='ltr'><strong>viginti</strong></span> <span class='ocrx_word' id='word_1_12' title='bbox 1094 683 1275 742; x_wconf 81' lang='lat' dir='ltr'><strong>veuit</strong></span> <span class='ocrx_word' id='word_1_13' title='bbox 1317 674 1506 742; x_wconf 86' lang='lat' dir='ltr'><strong>modo</strong></span> <span class='ocrx_word' id='word_1_14' title='bbox 1551 675 1836 754; x_wconf 76' lang='lat' dir='ltr'><strong>milibuS‚</strong></span> <span class='ocrx_word' id='word_1_15' title='bbox 1886 674 2071 740; x_wconf 85' lang='lat' dir='ltr'><strong>Aule.</strong></span> <span class='ocrx_word' id='word_1_16' title='bbox 2165 741 2181 798; x_wconf 42' lang='grc' dir='ltr'><em>ί</em></span> 
     </span>
     <span class='ocr_line' id='line_1_4' title="bbox 657 772 2539 929; baseline -0.004 -73"><span class='ocrx_word' id='word_1_17' title='bbox 657 791 910 856; x_wconf 86' lang='lat' dir='ltr'><strong>Miraris</strong></span> <span class='ocrx_word' id='word_1_18' title='bbox 954 789 1229 874; x_wconf 86' lang='lat' dir='ltr'><strong>pretium</strong></span> <span class='ocrx_word' id='word_1_19' title='bbox 1273 795 1406 854; x_wconf 88' lang='lat' dir='ltr'><strong>tam</strong></span> <span class='ocrx_word' id='word_1_20' title='bbox 1451 790 1694 871; x_wconf 65' lang='lat' dir='ltr'><strong>grave?</strong></span> <span class='ocrx_word' id='word_1_21' title='bbox 1736 786 1969 852; x_wconf 80' lang='lat' dir='ltr'><strong>surdus</strong></span> <span class='ocrx_word' id='word_1_22' title='bbox 2014 772 2203 895; x_wconf 65' lang='lat' dir='ltr'><strong>erat(</strong></span> <span class='ocrx_word' id='word_1_23' title='bbox 2220 820 2310 904; x_wconf 52' lang='grc' dir='ltr'><strong>κ),</strong></span> <span class='ocrx_word' id='word_1_24' title='bbox 2331 820 2398 902; x_wconf 65' lang='lat'><em>2</em></span> <span class='ocrx_word' id='word_1_25' title='bbox 2425 812 2539 929; x_wconf 80' lang='grc'><strong>-7</strong></span> 
     </span>
    </p>
   </div>
   <div class='ocr_carea' id='block_1_3' title="bbox 449 942 2463 2864">
    <p class='ocr_par' dir='ltr' id='par_1_3' title="bbox 570 942 2209 1482">
     <span class='ocr_line' id='line_1_5' title="bbox 1367 951 1676 1016; baseline -0.01 1"><span class='ocrx_word' id='word_1_26' title='bbox 1367 951 1676 1016; x_wconf 86' lang='lat' dir='ltr'>XXXIX.</span> 
     </span>
     <span class='ocr_line' id='line_1_6' title="bbox 571 942 2209 1144; baseline -0.004 -13"><span class='ocrx_word' id='word_1_27' title='bbox 571 1024 893 1131; x_wconf 50' lang='lat' dir='ltr'><strong>Cunallum</strong></span> <span class='ocrx_word' id='word_1_28' title='bbox 936 1019 1162 1129; x_wconf 48' lang='lat' dir='ltr'><strong>fuessffl</strong></span> <span class='ocrx_word' id='word_1_29' title='bbox 1200 1071 1420 1144; x_wconf 90' lang='lat' dir='ltr'><strong>motor,</strong></span> <span class='ocrx_word' id='word_1_30' title='bbox 1469 942 1872 1142; x_wconf 41' lang='lat' dir='ltr'><strong>Charidffme,</strong></span> <span class='ocrx_word' id='word_1_31' title='bbox 1920 1081 2209 1127; x_wconf 91' lang='lat' dir='ltr'><strong>mearum</strong></span> 
     </span>
     <span class='ocr_line' id='line_1_7' title="bbox 645 1169 1991 1261; baseline -0.004 -18"><span class='ocrx_word' id='word_1_32' title='bbox 645 1169 966 1261; x_wconf 65' lang='lat' dir='ltr'><strong>Et‘&#39;pueri</strong></span> <span class='ocrx_word' id='word_1_33' title='bbox 1012 1183 1226 1241; x_wconf 82' lang='lat' dir='ltr'><strong>eustos</strong></span> <span class='ocrx_word' id='word_1_34' title='bbox 1271 1174 1674 1257; x_wconf 72' lang='lat' dir='ltr'><strong>adsiduusqu</strong></span> <span class='ocrx_word' id='word_1_35' title='bbox 1761 1192 1991 1240; x_wconf 74' lang='lat' dir='ltr'><strong>eomeS.</strong></span> 
     </span>
     <span class='ocr_line' id='line_1_8' title="bbox 570 1194 2123 1371; baseline -0.002 -18"><span class='ocrx_word' id='word_1_36' title='bbox 570 1289 709 1354; x_wconf 90' lang='lat' dir='ltr'><strong>Iam</strong></span> <span class='ocrx_word' id='word_1_37' title='bbox 753 1288 911 1353; x_wconf 90' lang='lat' dir='ltr'><strong>mihi</strong></span> <span class='ocrx_word' id='word_1_38' title='bbox 957 1289 1331 1371; x_wconf 84' lang='lat' dir='ltr'><strong>nigrescunt</strong></span> <span class='ocrx_word' id='word_1_39' title='bbox 1375 1293 1563 1352; x_wconf 82' lang='lat' dir='ltr'><strong>tonsa</strong></span> <span class='ocrx_word' id='word_1_40' title='bbox 1608 1194 1874 1351; x_wconf 39' lang='lat' dir='ltr'><strong>suffssria</strong></span> <span class='ocrx_word' id='word_1_41' title='bbox 1916 1285 2123 1350; x_wconf 90' lang='lat' dir='ltr'><strong>barba</strong></span> 
     </span>
     <span class='ocr_line' id='line_1_9' title="bbox 656 1384 2083 1482; baseline -0.004 -17"><span class='ocrx_word' id='word_1_42' title='bbox 656 1401 739 1466; x_wconf 86' lang='lat' dir='ltr'><strong>Et</strong></span> <span class='ocrx_word' id='word_1_43' title='bbox 783 1400 1074 1482; x_wconf 83' lang='lat' dir='ltr'><strong>queritur</strong></span> <span class='ocrx_word' id='word_1_44' title='bbox 1115 1398 1316 1463; x_wconf 83' lang='lat' dir='ltr'><strong>labris</strong></span> <span class='ocrx_word' id='word_1_45' title='bbox 1359 1406 1600 1482; x_wconf 88' lang='lat' dir='ltr'><strong>puncta</strong></span> <span class='ocrx_word' id='word_1_46' title='bbox 1641 1384 1862 1482; x_wconf 58' lang='lat' dir='ltr'><strong>puella</strong></span> <span class='ocrx_word' id='word_1_47' title='bbox 1903 1398 2083 1476; x_wconf 81' lang='lat' dir='ltr'><strong>meis,</strong></span> 
     </span>
    </p>

    <p class='ocr_par' dir='ltr' id='par_1_4' title="bbox 492 1508 2245 1908">
     <span class='ocr_line' id='line_1_10' title="bbox 492 1508 2245 1588; baseline -0.001 -14"><span class='ocrx_word' id='word_1_48' title='bbox 492 1519 524 1574; x_wconf 85' lang='lat'>5</span> <span class='ocrx_word' id='word_1_49' title='bbox 573 1510 707 1577; x_wconf 88' lang='lat' dir='ltr'><strong>Sed</strong></span> <span class='ocrx_word' id='word_1_50' title='bbox 748 1511 869 1577; x_wconf 88' lang='lat' dir='ltr'><strong>tibi</strong></span> <span class='ocrx_word' id='word_1_51' title='bbox 914 1531 996 1575; x_wconf 89' lang='lat' dir='ltr'><strong>no</strong></span> <span class='ocrx_word' id='word_1_52' title='bbox 1088 1510 1315 1575; x_wconf 87' lang='lat' dir='ltr'><strong>crevit:</strong></span> <span class='ocrx_word' id='word_1_53' title='bbox 1365 1516 1431 1574; x_wconf 91' lang='lat' dir='ltr'><strong>te</strong></span> <span class='ocrx_word' id='word_1_54' title='bbox 1474 1515 1691 1574; x_wconf 77' lang='lat' dir='ltr'><strong>noster</strong></span> <span class='ocrx_word' id='word_1_55' title='bbox 1736 1509 1966 1573; x_wconf 82' lang='lat' dir='ltr'><strong>vilicus</strong></span> <span class='ocrx_word' id='word_1_56' title='bbox 2009 1508 2245 1588; x_wconf 85' lang='lat' dir='ltr'><strong>horret,</strong></span> 
     </span>
     <span class='ocr_line' id='line_1_11' title="bbox 660 1530 2056 1705; baseline -0.002 -18"><span class='ocrx_word' id='word_1_57' title='bbox 660 1624 758 1688; x_wconf 89' lang='lat' dir='ltr'><strong>Te</strong></span> <span class='ocrx_word' id='word_1_58' title='bbox 804 1530 1226 1705; x_wconf 45' lang='lat' dir='ltr'><strong>dispeffsaton</strong></span> <span class='ocrx_word' id='word_1_59' title='bbox 1274 1627 1340 1686; x_wconf 90' lang='lat' dir='ltr'><strong>te</strong></span> <span class='ocrx_word' id='word_1_60' title='bbox 1386 1619 1611 1685; x_wconf 85' lang='lat' dir='ltr'><strong>domus</strong></span> <span class='ocrx_word' id='word_1_61' title='bbox 1655 1621 1801 1704; x_wconf 78' lang='lat' dir='ltr'><strong>ipsa</strong></span> <span class='ocrx_word' id='word_1_62' title='bbox 1843 1626 2056 1704; x_wconf 83' lang='lat' dir='ltr'><strong>pavet.</strong></span> 
     </span>
     <span class='ocr_line' id='line_1_12' title="bbox 571 1732 2172 1908; baseline -0.001 -111"><span class='ocrx_word' id='word_1_63' title='bbox 571 1733 827 1908; x_wconf 46' lang='lat' dir='ltr'><strong>Lffigere</strong></span> <span class='ocrx_word' id='word_1_64' title='bbox 872 1751 993 1798; x_wconf 87' lang='lat' dir='ltr'><strong>nee</strong></span> <span class='ocrx_word' id='word_1_65' title='bbox 1036 1732 1239 1813; x_wconf 77' lang='lat' dir='ltr'><strong>nobie,</strong></span> <span class='ocrx_word' id='word_1_66' title='bbox 1287 1752 1406 1798; x_wconf 88' lang='lat' dir='ltr'><strong>nec</strong></span> <span class='ocrx_word' id='word_1_67' title='bbox 1448 1738 1519 1797; x_wconf 90' lang='lat' dir='ltr'><strong>tu</strong></span> <span class='ocrx_word' id='word_1_68' title='bbox 1561 1732 1881 1816; x_wconf 81' lang='lat' dir='ltr'><strong>permittis</strong></span> <span class='ocrx_word' id='word_1_69' title='bbox 1925 1750 2172 1809; x_wconf 90' lang='lat' dir='ltr'><strong>amare;</strong></span> 
     </span>
    </p>

    <p class='ocr_par' dir='ltr' id='par_1_5' title="bbox 573 1843 2181 2040">
     <span class='ocr_line' id='line_1_13' title="bbox 720 1843 2070 1911; baseline -0.003 -2"><span class='ocrx_word' id='word_1_70' title='bbox 720 1846 769 1909; x_wconf 90' lang='lat' dir='ltr'><strong>il</strong></span> <span class='ocrx_word' id='word_1_71' title='bbox 813 1844 975 1910; x_wconf 91' lang='lat' dir='ltr'><strong>mihi</strong></span> <span class='ocrx_word' id='word_1_72' title='bbox 1018 1845 1120 1909; x_wconf 80' lang='lat' dir='ltr'><strong>vis</strong></span> <span class='ocrx_word' id='word_1_73' title='bbox 1166 1852 1232 1911; x_wconf 91' lang='lat' dir='ltr'><strong>et</strong></span> <span class='ocrx_word' id='word_1_74' title='bbox 1272 1846 1374 1909; x_wconf 84' lang='lat' dir='ltr'><strong>vis</strong></span> <span class='ocrx_word' id='word_1_75' title='bbox 1420 1851 1651 1909; x_wconf 87' lang='lat' dir='ltr'><strong>cuncta</strong></span> <span class='ocrx_word' id='word_1_76' title='bbox 1693 1843 1892 1908; x_wconf 89' lang='lat' dir='ltr'><strong>licere</strong></span> <span class='ocrx_word' id='word_1_77' title='bbox 1937 1844 2070 1910; x_wconf 89' lang='lat' dir='ltr'><strong>tibi.</strong></span> 
     </span>
     <span class='ocr_line' id='line_1_14' title="bbox 573 1954 2181 2040; baseline -0.001 -18"><span class='ocrx_word' id='word_1_78' title='bbox 573 1955 875 2040; x_wconf 64' lang='lat' dir='ltr'><strong>Corripiet,</strong></span> <span class='ocrx_word' id='word_1_79' title='bbox 924 1956 1251 2036; x_wconf 65' lang='lat' dir='ltr'><strong>observare,</strong></span> <span class='ocrx_word' id='word_1_80' title='bbox 1297 1956 1607 2039; x_wconf 75' lang='lat' dir='ltr'><strong>quereriS,</strong></span> <span class='ocrx_word' id='word_1_81' title='bbox 1655 1956 1932 2040; x_wconf 80' lang='lat' dir='ltr'><strong>suspiria</strong></span> <span class='ocrx_word' id='word_1_82' title='bbox 1977 1954 2181 2034; x_wconf 79' lang='lat' dir='ltr'><strong>ducis,</strong></span> 
     </span>
    </p>

    <p class='ocr_par' dir='ltr' id='par_1_6' title="bbox 449 2067 2463 2864">
     <span class='ocr_line' id='line_1_15' title="bbox 454 2067 2042 2134; baseline 0.001 -4"><span class='ocrx_word' id='word_1_83' title='bbox 454 2076 523 2131; x_wconf 91' lang='lat'><strong>10</strong></span> <span class='ocrx_word' id='word_1_84' title='bbox 657 2068 742 2133; x_wconf 81' lang='lat' dir='ltr'><strong>Et</strong></span> <span class='ocrx_word' id='word_1_85' title='bbox 785 2069 896 2133; x_wconf 83' lang='lat' dir='ltr'><strong>vix</strong></span> <span class='ocrx_word' id='word_1_86' title='bbox 942 2088 983 2133; x_wconf 95' lang='lat' dir='ltr'>a</span> <span class='ocrx_word' id='word_1_87' title='bbox 1027 2067 1252 2133; x_wconf 81' lang='lat' dir='ltr'><strong>ferulis</strong></span> <span class='ocrx_word' id='word_1_88' title='bbox 1297 2067 1579 2134; x_wconf 80' lang='lat' dir='ltr'><strong>abstinet</strong></span> <span class='ocrx_word' id='word_1_89' title='bbox 1623 2068 1722 2133; x_wconf 89' lang='lat' dir='ltr'><strong>ira</strong></span> <span class='ocrx_word' id='word_1_90' title='bbox 1764 2086 2042 2132; x_wconf 88' lang='lat' dir='ltr'><strong>manum.</strong></span> 
     </span>
     <span class='ocr_line' id='line_1_16' title="bbox 571 2178 2092 2264; baseline -0.001 -19"><span class='ocrx_word' id='word_1_91' title='bbox 571 2178 642 2245; x_wconf 89' lang='lat' dir='ltr'><strong>Si</strong></span> <span class='ocrx_word' id='word_1_92' title='bbox 686 2181 922 2264; x_wconf 81' lang='lat' dir='ltr'><strong>Tyrios</strong></span> <span class='ocrx_word' id='word_1_93' title='bbox 968 2180 1215 2264; x_wconf 75' lang='lat' dir='ltr'><strong>sumpsi</strong></span> <span class='ocrx_word' id='word_1_94' title='bbox 1259 2181 1467 2245; x_wconf 81' lang='lat' dir='ltr'><strong>cultus</strong></span> <span class='ocrx_word' id='word_1_95' title='bbox 1513 2181 1754 2245; x_wconf 75' lang='lat' dir='ltr'><strong>unxive</strong></span> <span class='ocrx_word' id='word_1_96' title='bbox 1800 2178 2092 2263; x_wconf 76' lang='lat' dir='ltr'><strong>capillos,</strong></span> 
     </span>
     <span class='ocr_line' id='line_1_17' title="bbox 657 2291 2173 2374; baseline -0.005 -18"><span class='ocrx_word' id='word_1_97' title='bbox 657 2292 1002 2357; x_wconf 77' lang='lat' dir='ltr'><strong>Exclamas</strong></span> <span class='ocrx_word' id='word_1_98' title='bbox 1047 2291 1422 2373; x_wconf 78' lang='lat' dir='ltr'>»Nunquam</span> <span class='ocrx_word' id='word_1_99' title='bbox 1467 2291 1712 2357; x_wconf 77' lang='lat' dir='ltr'><strong>fecerat</strong></span> <span class='ocrx_word' id='word_1_100' title='bbox 1754 2292 1882 2357; x_wconf 76' lang='lat' dir='ltr'><strong>ista</strong></span> <span class='ocrx_word' id='word_1_101' title='bbox 1926 2296 2111 2374; x_wconf 91' lang='lat' dir='ltr'><strong>pater</strong></span> <span class='ocrx_word' id='word_1_102' title='bbox 2127 2314 2173 2369; x_wconf 80' lang='lat'><strong>3«</strong></span> 
     </span>
     <span class='ocr_line' id='line_1_18' title="bbox 569 2402 2183 2482; baseline -0.001 -14"><span class='ocrx_word' id='word_1_103' title='bbox 569 2403 652 2469; x_wconf 87' lang='lat' dir='ltr'><strong>Et</strong></span> <span class='ocrx_word' id='word_1_104' title='bbox 695 2422 997 2469; x_wconf 81' lang='lat' dir='ltr'><strong>numeras</strong></span> <span class='ocrx_word' id='word_1_105' title='bbox 1041 2411 1293 2470; x_wconf 80' lang='lat' dir='ltr'><strong>nostroe</strong></span> <span class='ocrx_word' id='word_1_106' title='bbox 1338 2403 1605 2482; x_wconf 79' lang='lat' dir='ltr'><strong>astricta</strong></span> <span class='ocrx_word' id='word_1_107' title='bbox 1646 2402 1855 2469; x_wconf 86' lang='lat' dir='ltr'><strong>fronte</strong></span> <span class='ocrx_word' id='word_1_108' title='bbox 1899 2404 2183 2482; x_wconf 72' lang='lat' dir='ltr'><strong>trienteS,</strong></span> 
     </span>
     <span class='ocr_line' id='line_1_19' title="bbox 657 2513 2047 2598; baseline -0.001 -18"><span class='ocrx_word' id='word_1_109' title='bbox 657 2516 997 2598; x_wconf 84' lang='lat' dir='ltr'>Tanquam</span> <span class='ocrx_word' id='word_1_110' title='bbox 1043 2513 1126 2580; x_wconf 88' lang='lat' dir='ltr'><strong>de</strong></span> <span class='ocrx_word' id='word_1_111' title='bbox 1172 2514 1341 2580; x_wconf 89' lang='lat' dir='ltr'><strong>eella</strong></span> <span class='ocrx_word' id='word_1_112' title='bbox 1385 2515 1470 2579; x_wconf 81' lang='lat' dir='ltr'><strong>sit</strong></span> <span class='ocrx_word' id='word_1_113' title='bbox 1514 2513 1714 2580; x_wconf 86' lang='lat' dir='ltr'><strong>cadus</strong></span> <span class='ocrx_word' id='word_1_114' title='bbox 1759 2514 1872 2578; x_wconf 92' lang='lat' dir='ltr'><strong>ille</strong></span> <span class='ocrx_word' id='word_1_115' title='bbox 1917 2521 2047 2579; x_wconf 84' lang='lat' dir='ltr'><strong>tua.</strong></span> 
     </span>
     <span class='ocr_line' id='line_1_20' title="bbox 449 2624 2271 2710; baseline -0.001 -22"><span class='ocrx_word' id='word_1_116' title='bbox 449 2633 521 2689; x_wconf 88' lang='lat'><strong>15</strong></span> <span class='ocrx_word' id='word_1_117' title='bbox 568 2626 843 2706; x_wconf 83' lang='lat' dir='ltr'><strong>Desine;</strong></span> <span class='ocrx_word' id='word_1_118' title='bbox 894 2646 1022 2692; x_wconf 89' lang='lat' dir='ltr'><strong>non</strong></span> <span class='ocrx_word' id='word_1_119' title='bbox 1066 2645 1329 2710; x_wconf 80' lang='lat' dir='ltr'><strong>possum</strong></span> <span class='ocrx_word' id='word_1_120' title='bbox 1372 2625 1677 2691; x_wconf 87' lang='lat' dir='ltr'><strong>libertum</strong></span> <span class='ocrx_word' id='word_1_121' title='bbox 1720 2624 1890 2691; x_wconf 85' lang='lat' dir='ltr'><strong>ferre</strong></span> <span class='ocrx_word' id='word_1_122' title='bbox 1935 2625 2271 2691; x_wconf 86' lang='lat' dir='ltr'><strong>Catonem:</strong></span> 
     </span>
     <span class='ocr_line' id='line_1_21' title="bbox 654 2735 2463 2864; baseline -0.002 -61"><span class='ocrx_word' id='word_1_123' title='bbox 654 2738 819 2804; x_wconf 80' lang='lat' dir='ltr'><strong>Esse</strong></span> <span class='ocrx_word' id='word_1_124' title='bbox 860 2739 1069 2805; x_wconf 82' lang='lat' dir='ltr'><strong>virum</strong></span> <span class='ocrx_word' id='word_1_125' title='bbox 1113 2739 1242 2803; x_wconf 90' lang='lat' dir='ltr'><strong>iam</strong></span> <span class='ocrx_word' id='word_1_126' title='bbox 1287 2757 1390 2802; x_wconf 89' lang='lat' dir='ltr'><strong>me</strong></span> <span class='ocrx_word' id='word_1_127' title='bbox 1436 2735 1609 2802; x_wconf 85' lang='lat' dir='ltr'><strong>dicet</strong></span> <span class='ocrx_word' id='word_1_128' title='bbox 1653 2738 1863 2802; x_wconf 88' lang='lat' dir='ltr'><strong>amica</strong></span> <span class='ocrx_word' id='word_1_129' title='bbox 1912 2736 2049 2802; x_wconf 90' lang='lat' dir='ltr'><strong>tibi.</strong></span> <span class='ocrx_word' id='word_1_130' title='bbox 2154 2763 2343 2864; x_wconf 37' lang='lat' dir='ltr'><strong>ab</strong></span> <span class='ocrx_word' id='word_1_131' title='bbox 2378 2758 2463 2858; x_wconf 47' lang='grc' dir='ltr'><strong>εὖ</strong></span> 
     </span>
    </p>
   </div>
   <div class='ocr_carea' id='block_1_4' title="bbox 569 2891 1908 3423">
    <p class='ocr_par' dir='ltr' id='par_1_7' title="bbox 569 2891 1908 3423">
     <span class='ocr_line' id='line_1_22' title="bbox 1446 2891 1590 2956; baseline -0.007 0"><span class='ocrx_word' id='word_1_132' title='bbox 1446 2891 1590 2956; x_wconf 89' lang='lat' dir='ltr'><strong>XL.</strong></span> 
     </span>
     <span class='ocr_line' id='line_1_23' title="bbox 570 3004 1908 3089; baseline -0.001 -20"><span class='ocrx_word' id='word_1_133' title='bbox 570 3004 940 3071; x_wconf 80' lang='lat' dir='ltr'>Formosam</span> <span class='ocrx_word' id='word_1_134' title='bbox 987 3004 1314 3089; x_wconf 80' lang='lat' dir='ltr'><strong>Glyceran</strong></span> <span class='ocrx_word' id='word_1_135' title='bbox 1359 3010 1534 3069; x_wconf 93' lang='lat' dir='ltr'><strong>amat</strong></span> <span class='ocrx_word' id='word_1_136' title='bbox 1577 3004 1908 3086; x_wconf 80' lang='lat' dir='ltr'><strong>Lupercus</strong></span> 
     </span>
     <span class='ocr_line' id='line_1_24' title="bbox 569 3114 1783 3200; baseline -0.003 -18"><span class='ocrx_word' id='word_1_137' title='bbox 569 3117 651 3181; x_wconf 90' lang='lat' dir='ltr'><strong>Et</strong></span> <span class='ocrx_word' id='word_1_138' title='bbox 695 3119 870 3182; x_wconf 78' lang='lat' dir='ltr'><strong>solus</strong></span> <span class='ocrx_word' id='word_1_139' title='bbox 915 3122 1093 3182; x_wconf 87' lang='lat' dir='ltr'><strong>tenet</strong></span> <span class='ocrx_word' id='word_1_140' title='bbox 1137 3117 1543 3200; x_wconf 82' lang='lat' dir='ltr'><strong>imperatque</strong></span> <span class='ocrx_word' id='word_1_141' title='bbox 1588 3114 1783 3180; x_wconf 80' lang='lat' dir='ltr'><strong>solus.</strong></span> 
     </span>
     <span class='ocr_line' id='line_1_25' title="bbox 571 3224 1885 3304; baseline -0.002 -12"><span class='ocrx_word' id='word_1_142' title='bbox 571 3224 779 3304; x_wconf 83' lang='lat' dir='ltr'>Quam</span> <span class='ocrx_word' id='word_1_143' title='bbox 824 3235 954 3294; x_wconf 88' lang='lat' dir='ltr'><strong>toto</strong></span> <span class='ocrx_word' id='word_1_144' title='bbox 1000 3227 1126 3293; x_wconf 81' lang='lat' dir='ltr'><strong>sibi</strong></span> <span class='ocrx_word' id='word_1_145' title='bbox 1169 3245 1392 3293; x_wconf 86' lang='lat' dir='ltr'><strong>mense</strong></span> <span class='ocrx_word' id='word_1_146' title='bbox 1437 3246 1564 3292; x_wconf 89' lang='lat' dir='ltr'><strong>uon</strong></span> <span class='ocrx_word' id='word_1_147' title='bbox 1610 3226 1885 3293; x_wconf 84' lang='lat' dir='ltr'><strong>fututam</strong></span> 
     </span>
     <span class='ocr_line' id='line_1_26' title="bbox 570 3339 1794 3423; baseline -0.001 -18"><span class='ocrx_word' id='word_1_148' title='bbox 570 3339 728 3405; x_wconf 86' lang='lat' dir='ltr'><strong>Cum</strong></span> <span class='ocrx_word' id='word_1_149' title='bbox 771 3339 973 3405; x_wconf 79' lang='lat' dir='ltr'><strong>tristis</strong></span> <span class='ocrx_word' id='word_1_150' title='bbox 1019 3346 1391 3421; x_wconf 86' lang='lat' dir='ltr'><strong>quereretur</strong></span> <span class='ocrx_word' id='word_1_151' title='bbox 1435 3345 1500 3405; x_wconf 89' lang='lat' dir='ltr'><strong>et</strong></span> <span class='ocrx_word' id='word_1_152' title='bbox 1544 3340 1794 3423; x_wconf 86' lang='lat' dir='ltr'><strong>roganti</strong></span> 
     </span>
    </p>
   </div>
   <div class='ocr_carea' id='block_1_5' title="bbox 257 2341 550 2432">
    <p class='ocr_par' dir='ltr' id='par_1_8' title="bbox 257 2341 550 2432">
     <span class='ocr_line' id='line_1_27' title="bbox 257 2341 550 2432; baseline 0 -70"><span class='ocrx_word' id='word_1_153' title='bbox 257 2341 550 2432; x_wconf 31' lang='grc' dir='ltr'><strong>ἧς.</strong></span> 
     </span>
    </p>
   </div>
   <div class='ocr_carea' id='block_1_6' title="bbox 405 3462 815 3471">
    <p class='ocr_par' dir='ltr' id='par_1_9' title="bbox 405 3462 815 3471">
     <span class='ocr_line' id='line_1_28' title="bbox 405 3462 815 3471; baseline 0 1613"><span class='ocrx_word' id='word_1_154' title='bbox 405 3462 815 3471; x_wconf 95' lang='lat' dir='ltr'><strong> </strong></span> 
     </span>
    </p>
   </div>
   <div class='ocr_carea' id='block_1_7' title="bbox 400 3525 2668 3849">
    <p class='ocr_par' dir='ltr' id='par_1_10' title="bbox 535 3525 1812 3582">
     <span class='ocr_line' id='line_1_29' title="bbox 535 3525 1812 3582; baseline 0.001 -2"><span class='ocrx_word' id='word_1_155' title='bbox 535 3525 836 3580; x_wconf 86' lang='lat' dir='ltr'>XXXVIII</span> <span class='ocrx_word' id='word_1_156' title='bbox 876 3528 921 3578; x_wconf 89' lang='grc'><strong>1.</strong></span> <span class='ocrx_word' id='word_1_157' title='bbox 978 3530 1137 3582; x_wconf 79' lang='lat' dir='ltr'><strong>venit</strong></span> <span class='ocrx_word' id='word_1_158' title='bbox 1181 3526 1391 3581; x_wconf 74' lang='lat' dir='ltr'><strong>Gilbert</strong></span> <span class='ocrx_word' id='word_1_159' title='bbox 1461 3527 1622 3582; x_wconf 82' lang='lat' dir='ltr'><strong>venit</strong></span> <span class='ocrx_word' id='word_1_160' title='bbox 1658 3527 1812 3581; x_wconf 76' lang='lat' dir='ltr'><strong>Schn.</strong></span> 
     </span>
    </p>

    <p class='ocr_par' dir='ltr' id='par_1_11' title="bbox 400 3611 2668 3849">
     <span class='ocr_line' id='line_1_30' title="bbox 536 3611 2580 3682; baseline 0 -17"><span class='ocrx_word' id='word_1_161' title='bbox 536 3611 782 3665; x_wconf 88' lang='lat' dir='ltr'>XXXIX</span> <span class='ocrx_word' id='word_1_162' title='bbox 820 3615 870 3665; x_wconf 85' lang='lat'><strong>5.</strong></span> <span class='ocrx_word' id='word_1_163' title='bbox 934 3614 1113 3669; x_wconf 84' lang='lat' dir='ltr'><strong>crevit</strong></span> <span class='ocrx_word' id='word_1_164' title='bbox 1158 3614 1352 3675; x_wconf 80' lang='lat' dir='ltr'><strong>TPQm</strong></span> <span class='ocrx_word' id='word_1_165' title='bbox 1387 3612 1630 3667; x_wconf 68' lang='lat' dir='ltr'><strong>Gilbm⁴</strong></span> <span class='ocrx_word' id='word_1_166' title='bbox 1659 3630 1717 3682; x_wconf 83' lang='lat' dir='ltr'><strong>p.</strong></span> <span class='ocrx_word' id='word_1_167' title='bbox 1755 3621 1854 3668; x_wconf 71' lang='lat'><strong>919</strong></span> <span class='ocrx_word' id='word_1_168' title='bbox 1927 3612 2081 3668; x_wconf 85' lang='lat' dir='ltr'><strong>crevi</strong></span> <span class='ocrx_word' id='word_1_169' title='bbox 2118 3613 2405 3668; x_wconf 77' lang='lat' dir='ltr'>EXAOF</span> <span class='ocrx_word' id='word_1_170' title='bbox 2426 3614 2580 3667; x_wconf 55' lang='lat' dir='ltr'><strong><em>Solen.</em></strong></span> 
     </span>
     <span class='ocr_line' id='line_1_31' title="bbox 400 3697 2668 3767; baseline 0.003 -19"><span class='ocrx_word' id='word_1_171' title='bbox 400 3698 481 3750; x_wconf 83' lang='lat'><strong>¹0.</strong></span> <span class='ocrx_word' id='word_1_172' title='bbox 523 3697 772 3753; x_wconf 76' lang='lat' dir='ltr'><strong>abstinet</strong></span> <span class='ocrx_word' id='word_1_173' title='bbox 805 3697 892 3753; x_wconf 84' lang='lat' dir='ltr'><strong>ira</strong></span> <span class='ocrx_word' id='word_1_174' title='bbox 925 3713 1148 3753; x_wconf 81' lang='lat' dir='ltr'>manum</span> <span class='ocrx_word' id='word_1_175' title='bbox 1186 3698 1446 3761; x_wconf 76' lang='lat' dir='ltr'>PQEFm</span> <span class='ocrx_word' id='word_1_176' title='bbox 1477 3701 1577 3752; x_wconf 78' lang='lat' dir='ltr'><strong>Sor</strong></span> <span class='ocrx_word' id='word_1_177' title='bbox 1686 3704 1964 3767; x_wconf 85' lang='lat' dir='ltr'><strong>temperat</strong></span> <span class='ocrx_word' id='word_1_178' title='bbox 1998 3698 2083 3755; x_wconf 84' lang='lat' dir='ltr'><strong>ira</strong></span> <span class='ocrx_word' id='word_1_179' title='bbox 2118 3715 2223 3754; x_wconf 80' lang='lat' dir='ltr'><strong>sua</strong></span> <span class='ocrx_word' id='word_1_180' title='bbox 2268 3700 2318 3752; x_wconf 89' lang='grc' dir='ltr'><strong><em>Τ</em></strong></span> <span class='ocrx_word' id='word_1_181' title='bbox 2404 3706 2445 3754; x_wconf 85' lang='lat' dir='ltr'><strong>t.</strong></span> <span class='ocrx_word' id='word_1_182' title='bbox 2485 3698 2521 3753; x_wconf 88' lang='lat' dir='ltr'><strong>i.</strong></span> <span class='ocrx_word' id='word_1_183' title='bbox 2560 3699 2668 3754; x_wconf 80' lang='lat' dir='ltr'><strong>sibi</strong></span> 
     </span>
     <span class='ocr_line' id='line_1_32' title="bbox 403 3782 1231 3849; baseline -0.005 -8"><span class='ocrx_word' id='word_1_184' title='bbox 403 3782 555 3849; x_wconf 76' lang='lat' dir='ltr'><strong>(suis)</strong></span> <span class='ocrx_word' id='word_1_185' title='bbox 596 3784 721 3836; x_wconf 75' lang='lat' dir='ltr'><strong>Hm</strong></span> <span class='ocrx_word' id='word_1_186' title='bbox 791 3789 830 3838; x_wconf 76' lang='lat' dir='ltr'><strong>t,</strong></span> <span class='ocrx_word' id='word_1_187' title='bbox 866 3783 902 3837; x_wconf 82' lang='lat' dir='ltr'><strong>i.</strong></span> <span class='ocrx_word' id='word_1_188' title='bbox 940 3788 1042 3839; x_wconf 83' lang='lat' dir='ltr'><strong>tua</strong></span> <span class='ocrx_word' id='word_1_189' title='bbox 1078 3785 1231 3838; x_wconf 65' lang='lat' dir='ltr'><strong>Schtz.</strong></span> 
     </span>
    </p>
   </div>
   <div class='ocr_carea' id='block_1_8' title="bbox 402 3900 814 3910">
    <p class='ocr_par' dir='ltr' id='par_1_12' title="bbox 402 3900 814 3910">
     <span class='ocr_line' id='line_1_33' title="bbox 402 3900 814 3910; baseline 0 0"><span class='ocrx_word' id='word_1_190' title='bbox 402 3900 814 3910; x_wconf 95' lang='lat' dir='ltr'><strong> </strong></span> 
     </span>
    </p>
   </div>
   <div class='ocr_carea' id='block_1_9' title="bbox 397 3952 2750 4452">
    <p class='ocr_par' dir='ltr' id='par_1_13' title="bbox 535 3952 1476 4025">
     <span class='ocr_line' id='line_1_34' title="bbox 535 3952 1476 4025; baseline 0.002 -17"><span class='ocrx_word' id='word_1_191' title='bbox 535 3952 840 4010; x_wconf 89' lang='lat' dir='ltr'>XXXVIII</span> <span class='ocrx_word' id='word_1_192' title='bbox 878 3957 923 4008; x_wconf 87' lang='lat'><strong>1.</strong></span> <span class='ocrx_word' id='word_1_193' title='bbox 961 3954 1089 4025; x_wconf 79' lang='lat' dir='ltr'>Vgl.</span> <span class='ocrx_word' id='word_1_194' title='bbox 1128 3954 1264 4010; x_wconf 91' lang='lat' dir='ltr'>VIII</span> <span class='ocrx_word' id='word_1_195' title='bbox 1306 3958 1387 4021; x_wconf 86' lang='lat'><strong>13,</strong></span> <span class='ocrx_word' id='word_1_196' title='bbox 1432 3957 1476 4011; x_wconf 91' lang='lat'><strong>1.</strong></span> 
     </span>
    </p>

    <p class='ocr_par' dir='ltr' id='par_1_14' title="bbox 535 4040 1903 4112">
     <span class='ocr_line' id='line_1_35' title="bbox 535 4040 1903 4112; baseline 0.001 -18"><span class='ocrx_word' id='word_1_197' title='bbox 535 4043 677 4095; x_wconf 63' lang='lat' dir='ltr'><strong>venit</strong></span> <span class='ocrx_word' id='word_1_198' title='bbox 712 4040 844 4112; x_wconf 82' lang='lat' dir='ltr'><strong>(vgl.</strong></span> <span class='ocrx_word' id='word_1_199' title='bbox 884 4058 937 4097; x_wconf 85' lang='lat' dir='ltr'><strong>v.</strong></span> <span class='ocrx_word' id='word_1_200' title='bbox 975 4044 1006 4095; x_wconf 89' lang='lat'><strong>2</strong></span> <span class='ocrx_word' id='word_1_201' title='bbox 1044 4042 1249 4097; x_wconf 76' lang='lat' dir='ltr'><strong>surdus</strong></span> <span class='ocrx_word' id='word_1_202' title='bbox 1285 4046 1438 4109; x_wconf 86' lang='lat' dir='ltr'><strong>erat).</strong></span> <span class='ocrx_word' id='word_1_203' title='bbox 1497 4042 1580 4097; x_wconf 89' lang='lat' dir='ltr'><strong>Zu</strong></span> <span class='ocrx_word' id='word_1_204' title='bbox 1616 4040 1694 4111; x_wconf 87' lang='lat' dir='ltr'><strong>Sp</strong></span> <span class='ocrx_word' id='word_1_205' title='bbox 1736 4045 1814 4107; x_wconf 85' lang='grc'><strong>16,</strong></span> <span class='ocrx_word' id='word_1_206' title='bbox 1857 4043 1903 4096; x_wconf 89' lang='grc'><strong>1.</strong></span> 
     </span>
    </p>

    <p class='ocr_par' dir='ltr' id='par_1_15' title="bbox 397 4123 2750 4286">
     <span class='ocr_line' id='line_1_36' title="bbox 535 4123 2750 4272; baseline 0.001 -94"><span class='ocrx_word' id='word_1_207' title='bbox 535 4127 582 4178; x_wconf 85' lang='grc'><strong>2.</strong></span> <span class='ocrx_word' id='word_1_208' title='bbox 624 4127 817 4180; x_wconf 70' lang='lat' dir='ltr'><strong>curdus</strong></span> <span class='ocrx_word' id='word_1_209' title='bbox 852 4132 981 4182; x_wconf 73' lang='lat' dir='ltr'><strong>erat.</strong></span> <span class='ocrx_word' id='word_1_210' title='bbox 1041 4128 1117 4182; x_wconf 90' lang='lat' dir='ltr'><strong>Er</strong></span> <span class='ocrx_word' id='word_1_211' title='bbox 1140 4127 1354 4183; x_wconf 73' lang='lat' dir='ltr'><strong>kemite</strong></span> <span class='ocrx_word' id='word_1_212' title='bbox 1392 4128 1513 4183; x_wconf 76' lang='lat' dir='ltr'><strong>also</strong></span> <span class='ocrx_word' id='word_1_213' title='bbox 1552 4129 1644 4184; x_wconf 81' lang='lat' dir='ltr'><strong>die</strong></span> <span class='ocrx_word' id='word_1_214' title='bbox 1670 4128 1996 4198; x_wconf 61' lang='lat' dir='ltr'><strong>Gesprfiche</strong></span> <span class='ocrx_word' id='word_1_215' title='bbox 2033 4130 2134 4184; x_wconf 83' lang='lat' dir='ltr'><strong>der</strong></span> <span class='ocrx_word' id='word_1_216' title='bbox 2165 4125 2270 4182; x_wconf 83' lang='lat' dir='ltr'><strong>auf</strong></span> <span class='ocrx_word' id='word_1_217' title='bbox 2298 4126 2424 4183; x_wconf 82' lang='lat' dir='ltr'><strong>(lem</strong></span> <span class='ocrx_word' id='word_1_218' title='bbox 2449 4123 2750 4272; x_wconf 37' lang='lat' dir='ltr'><strong>Wageuew</strong></span> 
     </span>
     <span class='ocr_line' id='line_1_37' title="bbox 397 4211 2049 4286; baseline 0.001 -19"><span class='ocrx_word' id='word_1_219' title='bbox 397 4211 691 4268; x_wconf 71' lang='lat' dir='ltr'><strong>nitzenden</strong></span> <span class='ocrx_word' id='word_1_220' title='bbox 725 4212 1015 4286; x_wconf 79' lang='lat' dir='ltr'><strong>Personen</strong></span> <span class='ocrx_word' id='word_1_221' title='bbox 1048 4214 1209 4270; x_wconf 82' lang='lat' dir='ltr'><strong>nieht</strong></span> <span class='ocrx_word' id='word_1_222' title='bbox 1243 4214 1584 4270; x_wconf 78' lang='lat' dir='ltr'><strong>behel-cheu.</strong></span> <span class='ocrx_word' id='word_1_223' title='bbox 1644 4214 1775 4285; x_wconf 80' lang='lat' dir='ltr'><strong>Vgl.</strong></span> <span class='ocrx_word' id='word_1_224' title='bbox 1816 4214 1930 4269; x_wconf 88' lang='lat' dir='ltr'><strong>XII</strong></span> <span class='ocrx_word' id='word_1_225' title='bbox 1964 4218 2049 4269; x_wconf 81' lang='lat'><strong>24.</strong></span> 
     </span>
    </p>

    <p class='ocr_par' dir='ltr' id='par_1_16' title="bbox 533 4296 1555 4371">
     <span class='ocr_line' id='line_1_38' title="bbox 533 4296 1555 4371; baseline 0.004 -20"><span class='ocrx_word' id='word_1_226' title='bbox 533 4296 781 4352; x_wconf 83' lang='lat' dir='ltr'>XXXIX</span> <span class='ocrx_word' id='word_1_227' title='bbox 820 4302 864 4351; x_wconf 91' lang='lat'><strong>1.</strong></span> <span class='ocrx_word' id='word_1_228' title='bbox 890 4302 1108 4371; x_wconf 72' lang='lat' dir='ltr'><strong>fueras.</strong></span> <span class='ocrx_word' id='word_1_229' title='bbox 1172 4300 1251 4355; x_wconf 90' lang='lat' dir='ltr'><strong>Zu</strong></span> <span class='ocrx_word' id='word_1_230' title='bbox 1286 4300 1316 4354; x_wconf 95' lang='lat' dir='ltr'>I</span> <span class='ocrx_word' id='word_1_231' title='bbox 1357 4303 1468 4365; x_wconf 80' lang='lat'><strong>107,</strong></span> <span class='ocrx_word' id='word_1_232' title='bbox 1509 4303 1555 4355; x_wconf 85' lang='lat'><strong>3.</strong></span> 
     </span>
    </p>

    <p class='ocr_par' dir='ltr' id='par_1_17' title="bbox 538 4383 1338 4452">
     <span class='ocr_line' id='line_1_39' title="bbox 538 4383 1338 4452; baseline 0.006 -16"><span class='ocrx_word' id='word_1_233' title='bbox 538 4385 616 4437; x_wconf 86' lang='lat'><strong>13.</strong></span> <span class='ocrx_word' id='word_1_234' title='bbox 655 4383 890 4440; x_wconf 59' lang='lat' dir='ltr'><strong>treenta.</strong></span> <span class='ocrx_word' id='word_1_235' title='bbox 953 4383 1035 4439; x_wconf 82' lang='lat' dir='ltr'><strong>Zu</strong></span> <span class='ocrx_word' id='word_1_236' title='bbox 1071 4384 1099 4437; x_wconf 93' lang='lat'>1</span> <span class='ocrx_word' id='word_1_237' title='bbox 1138 4387 1252 4452; x_wconf 82' lang='lat'><strong>106,</strong></span> <span class='ocrx_word' id='word_1_238' title='bbox 1288 4388 1338 4441; x_wconf 85' lang='lat'><strong>8.</strong></span> 
     </span>
    </p>
   </div>
  </div>
 </body>
</html>
