3192 5084
624 410 1090 481 Epigrammaton
1124 410 1292 467 Liber
1325 409 1434 464 XII
1479 413 1520 474 (9
1542 408 1675 464 XII¹
1714 409 1861 466 edirt
1894 410 2209 468 December
2250 414 2378 478 101).
2519 416 2644 479 267

549 582 808 649 Indicas
852 583 1150 650 manibus
1194 580 1558 647 libidinosis

549 696 632 762 Et
674 695 795 762 fias
839 696 980 761 sine
1024 694 1266 760 femina
1308 693 1600 761 maritus.

1396 856 1625 922 XCVI.

553 970 712 1040 Cum
757 970 874 1037 tibi
919 977 1072 1035 nota
1114 970 1209 1035 tui
1254 968 1340 1034 sit
1383 969 1521 1033 vita
1564 966 1858 1051 fidesque
1901 970 2135 1051 mariti,

635 1083 773 1149 Nee
814 1088 1065 1166 premat
1107 1081 1246 1146 ulla
1289 1086 1435 1146 tuos
1480 1078 1870 1145 sollicitetve
1913 1087 2104 1161 toros,

550 1193 721 1272 Quid
765 1194 953 1278 quasi
998 1191 1361 1277 paelicibus
1402 1191 1721 1273 torqueris
1765 1191 1988 1277 inepta
2015 1174 2363 1277 ministris,

632 1307 711 1371 In
755 1306 989 1390 quibus
1035 1311 1101 1371 et
1143 1304 1360 1370 brevis
1407 1309 1507 1369 est
1551 1309 1618 1368 et
1661 1302 1939 1386 fugitiva
1982 1303 2243 1370 Venus?

467 1426 500 1479 5
547 1418 699 1483 Plus
743 1417 862 1482 tibi
908 1436 1104 1500 quam
1148 1414 1407 1482 domino
1451 1432 1687 1498 pueros
1730 1420 2067 1498 praestare
2111 1415 2427 1500 probabo:

634 1529 720 1593 Hi
764 1528 1028 1606 faciunt,
1077 1533 1148 1592 ut
1191 1527 1282 1593 sis
1327 1525 1570 1591 femina
1616 1525 1754 1591 sola
1797 1526 1965 1620 viro5

548 1640 633 1704 Hi
679 1638 837 1705 dant
879 1636 1053 1722 quod
1097 1657 1224 1704 non
1268 1637 1370 1704 vis
1415 1656 1577 1703 uxor
1621 1635 1797 1702 dare.
1874 1638 2004 1703 »Do
2048 1644 2313 1718 tamem«
2359 1639 2597 1724 inquis,

633 1751 762 1816 »Ne
807 1769 1016 1834 vagus
1059 1769 1102 1816 a
1144 1748 1448 1816 thalamis
1493 1749 1787 1833 coniugis
1833 1757 2002 1817 erret
2044 1767 2271 1815 amora

548 1863 694 1928 Non
740 1861 969 1928 eadem
1011 1879 1118 1927 res
1162 1867 1293 1927 est:
1343 1860 1572 1927 Chiam
1618 1860 1784 1941 volo,
1830 1862 1980 1927 nolo
2023 1861 2395 1928 mariseam:

430 1982 499 2038 ιο
632 1974 734 2039 Ne
779 1973 1037 2040 dubites
1082 1993 1253 2056 quae
1296 1974 1383 2040 sit
1427 1972 1616 2057 Chia,
1665 1972 1944 2039 marisca
1986 1980 2101 2039 tua
2144 1981 2260 2040 est.

545 2086 725 2153 Scire
770 2104 921 2152 suos
964 2084 1127 2152 fines
1169 2092 1465 2153 matrona
1508 2093 1574 2152 et
1618 2084 1861 2152 femina
1904 2084 2129 2152 debet:

634 2196 811 2264 Cede
855 2217 976 2264 sua
1020 2198 1258 2283 pueris,
1304 2204 1484 2264 utere
1530 2203 1716 2281 parte
1760 2204 1891 2263 tua.
1987 2242 2058 2318 7
2076 2244 2317 2341 Οἳ-

1378 2361 1639 2427 XCVII.

546 2471 725 2538 Uxor
769 2491 912 2538 eum
958 2473 1077 2538 tibi
1122 2473 1208 2538 sit
1250 2473 1497 2557 puella,
1547 2473 1807 2556 qualem

547 2583 729 2648 Votis
772 2583 884 2648 vix
926 2590 1108 2668 petat
1150 2584 1479 2668 improbus
1524 2586 1820 2668 maritus,

547 2694 773 2774 Dives,
817 2693 1076 2772 nobilis,
1125 2693 1399 2775 erudita,
1447 2702 1646 2776 easta,

546 2804 831 2891 Rumpis,
877 2805 1100 2887 Basse,
1146 2807 1337 2887 latus,
1385 2805 1502 2872 sed
1546 2807 1615 2870 in
1660 2808 1948 2889 comatis,

463 2926 496 2980 5
545 2916 783 2984 Uxoris
826 2916 945 2983 tibi
990 2915 1141 2983 dote
1184 2936 1346 3000 quos
1391 2918 1659 3002 parasti.

545 3028 628 3095 Et
673 3028 768 3094 sie
811 3026 898 3094 ad
944 3027 1269 3094 dominam
1312 3047 1577 3096 reversa
1620 3028 1891 3113 languet

545 3139 767 3206 Multis
811 3141 1099 3207 mentula
1141 3140 1400 3206 milibus
1444 3140 1813 3225 redempta3

546 3250 679 3318 Sed
722 3270 844 3318 nee
886 3251 1155 3319 vocibus
1200 3252 1482 3320 excitata
1525 3251 1810 3336 blandis,

511 3447 722 3504 XCVII
759 3452 807 3502 2.
867 3449 1158 3518 improbus
1203 3450 1353 3512 QEm
1392 3450 1564 3503 Solam
1612 3447 1855 3504 Gelberss
1883 3467 1940 3519 p.
1969 3455 2065 3503 ‘221
2173 3450 2446 3521 improbis
2484 3451 2651 3506 KH·

378 3535 478 3587 Sor
505 3535 678 3588 Schn2
770 3537 817 3589 8.
855 3533 968 3592 Sed
1003 3551 1111 3592 nee
1151 3539 1242 3599 Qm
1270 3537 1371 3590 Sor
1404 3535 1650 3589 atizoen-fl
1677 3553 1736 3605 p.
1773 3544 1876 3589 646
1946 3534 2039 3592 vel
2075 3550 2147 3591 ne
2184 3537 2654 3594 EXABCFGV

378 3618 533 3685 Quae
567 3635 675 3675 nee
713 3622 839 3674 Hm
864 3622 1018 3675 Solva.

518 3789 701 3847 xcvl
743 3793 820 3844 12.
883 3792 962 3848 zu
997 3792 1078 3847 x1
1114 3796 1197 3860 22,
1237 3795 1318 3847 ιο.

517 3960 697 4017 XCVI
735 3966 783 4015 9.
833 3963 1017 4019 Chiam
1050 3994 1121 4003 —
1153 3964 1454 4020 marti-team.
1529 3965 1611 4021 Zu
1645 3965 1755 4021 VH
1783 3968 1866 4032 25,
1905 3969 1933 4018 7
1971 3967 2090 4023 und
2126 3969 2173 4019 8.

516 4046 729 4102 XCVII
764 4049 816 4101 4.
870 4049 1122 4119 Rumpis.
1197 4049 1277 4105 Zu
1314 4050 1339 4104 1
1376 4052 1461 4118 49,
1497 4053 1581 4105 25.

518 4134 574 4187 in
612 4133 847 4188 comatis.
921 4134 1002 4189 Zu
1037 4134 1092 4188 Π
1128 4138 1211 4201 57,
1248 4139 1300 4188 5.

516 4223 566 4273 6.
608 4219 889 4275 dominam.
948 4220 1057 4276 Die
1075 4221 1469 4290 gewlihnliehe
1486 4222 1893 4294 Bezeiehnung
1912 4223 2012 4279 der
2030 4220 2297 4278 Ehefrau.
2366 4219 2644 4276 SG1400.

516 4310 566 4361 8.
609 4308 718 4360 Sed
761 4325 857 4360 nec
899 4304 991 4362 fiir
1038 4306 1140 4363 sed
1188 4322 1258 4363 ne
1305 4336 1375 4347 —
1423 4308 1651 4378 quidem
1687 4315 1835 4365 trotz
1872 4309 1974 4365 des
2009 4307 2320 4378 folgenden
2354 4322 2462 4363 nee
2499 4307 2648 4364 auch

381 4394 437 4447 11
475 4395 558 4460 28,
600 4396 630 4444 3
667 4391 722 4447 X
747 4396 831 4458 70,
876 4396 930 4445 11
977 4409 1038 4459 s.;
1080 4394 1377 4463 *ml-‘auch
1415 4393 1494 4450 IV
1530 4397 1614 4460 82,
1654 4398 1683 4446 5
1719 4395 1772 4450 V
1808 4397 1892 4461 44,
1928 4399 1979 4451 4.
2056 4392 2309 4451 Gilbert⁴
2344 4410 2400 4463 p.
2440 4395 2555 4447 221.
