3192 5084
499 378 626 441 264
806 338 810 341 ⁷
1319 373 1389 428 u.
1425 373 1644 431 Valerii
1678 373 1948 430 Martialis

603 522 625 630 Ι
675 546 798 626 Qui
846 546 1021 612 solus
1065 545 1241 630 inopi
1272 553 1572 640 praestat
1617 553 1683 613 et
1724 546 1882 612 faoit
1924 546 2196 626 turbam,

672 657 1083 743 Excogitavit
1127 656 1334 739 (homo
1379 676 1588 741 sagax
1633 666 1698 725 et
1742 661 2030 742 astutus),

594 777 628 830 5
673 769 775 834 Ne
819 768 1034 834 faeere
1077 773 1298 852 posset
1340 767 1473 834 tale
1515 769 1780 854 saepius
1826 767 2158 835 damnum:

671 879 1083 946 Exealoiatus
1127 880 1223 944 ire
1267 879 1478 963 eoepit
1522 877 1610 944 ad
1654 899 1902 946 cenam.
2018 895 2077 980 b
2114 905 2183 980 h‘
2219 916 2268 1008 6

1419 1025 1846 1091 Lxxxvm.
1892 995 1970 1116 Β

567 1219 571 1223 Α
671 1134 1096 1219 Tongilianus
1139 1135 1340 1201 habet
1380 1154 1645 1201 nasum:
1693 1138 1845 1218 seio,
1893 1158 2021 1203 non
2064 1157 2251 1222 nego.
2333 1137 2463 1205 Sed
2509 1139 2639 1206 iam

753 1246 864 1311 Nil
909 1255 1168 1331 praeter
1208 1266 1438 1313 nasum
1483 1247 1911 1331 Tongilianus
1957 1249 2170 1316 habet.
2488 1250 2493 1256 '

1438 1393 1807 1458 LXXXIX.
1814 1380 1889 1481 Β

668 1501 859 1581 Quod
904 1502 1058 1567 lana
1102 1508 1298 1587 eaput
1340 1503 1600 1587 alligas,
1647 1503 1943 1584 Charine,

616 1582 639 1714 Ῐ
668 1614 815 1680 Non
859 1632 1048 1679 aures
1091 1612 1230 1692 tibi,
1277 1612 1395 1680 sed
1440 1612 1663 1681 dolent
1706 1615 1943 1700 capilli.
2065 1592 2291 1703 4756

1568 1760 1705 1826 XC.
1737 1759 1800 1853 [ᾖ

667 1872 792 1938 Pro
838 1891 1011 1951 sene,
1060 1871 1178 1938 sed
1223 1872 1421 1952 clare,
1471 1879 1690 1938 votum
1735 1871 1914 1937 Maro
1957 1871 2111 1939 feeit
2155 1874 2377 1954 amiam

754 1981 876 2048 Cui
921 1983 1140 2067 gravis
1186 1989 1252 2047 et
1294 1981 1554 2048 fervens
1599 1939 2037 2050 hemia-itaeos
2082 1993 2236 2065 erat,

668 2093 740 2158 Si
787 2093 1055 2178 Stygias
1099 2112 1298 2178 aeger
1340 2113 1469 2160 non
1514 2101 1688 2159 esset
1720 2071 1965 2161 ffius
2010 2094 2097 2162 ad
2141 2097 2422 2176 umbras,

754 2204 844 2271 Ut
888 2203 1152 2271 caderet
1195 2224 1430 2289 magno
1457 2161 1739 2271 victima
1781 2212 1970 2290 grata
2013 2208 2175 2274 Iovi.

633 2382 957 2521 L{XhXXII
1005 2386 1051 2436 3.
1135 2389 1393 2452 praestat
1428 2384 1562 2437 codd
1594 2386 1740 2449 (EF
1768 2391 1987 2454 prestat
2013 2388 2089 2451 Q)
2118 2387 2289 2440 Solam
2405 2397 2586 2446 restat
2622 2393 2775 2445 Bur-

495 2485 657 2521 mann
736 2486 764 2520 0
798 2486 834 2521 n

635 2550 732 2606 XC
771 2555 819 2605 2.
889 2552 1274 2610 hemitritaeos
1316 2555 1419 2608 'Ser
1523 2555 1871 2611 hemitriteos
1918 2557 2264 2613 EXABGG'
2368 2559 2681 2619 emitriteos
2721 2567 2772 2646 Q

497 2672 879 2742 hemitritheos
917 2674 985 2727 N
1043 2690 1137 2729 -us
1176 2673 1433 2729 PFSelm
1504 2676 1551 2727 3.
1589 2680 1743 2731 esset
1768 2675 1920 2729 EFm
1947 2676 2097 2729 Sclm
2154 2676 2263 2733 iret
2295 2679 2452 2747 ‘'BQO
2478 2681 2581 2733 Sm-
2626 2683 2774 2739 isset

498 2758 626 2811 Hm
692 2757 919 2815 umbras
966 2760 1016 2813 T
1039 2760 1176 2813 Sclm
1246 2760 1430 2815 undas
1469 2761 1674 2822 QEFm
1695 2761 1810 2814 Ser.
1947 2784 1960 2796 ·

631 2912 730 2968 XC
768 2917 815 2967 4.
877 2914 957 2969 Zu
992 2913 1081 2968 111
1116 2916 1199 2978 24,
1237 2917 1284 2966 2.

1523 2966 1550 2998 'tl'

626 3067 993 3122 LXXXVIII.
1056 3065 1245 3123 Schol.
1283 3067 1544 3123 Juvenal.
1585 3072 1632 3134 7,
1671 3071 1769 3121 130
1822 3069 2071 3134 (Probus)
2119 3070 2273 3139 quod
2320 3070 2624 3141 Tongillus
2660 3091 2769 3130 na-

491 3160 655 3209 sutas
689 3154 815 3222 ipse
851 3151 1037 3218 fuerit,
1075 3169 1240 3224 quem
1276 3153 1677 3222 Tongilianum
1714 3152 1970 3222 appellat
2001 3153 2291 3212 Martialis.

635 3309 682 3357 3.
711 3311 958 3374 praestat
993 3312 1045 3360 et
1067 3306 1221 3377 facit
1256 3308 1498 3361 turbam.-
1536 3307 1639 3362 der
1673 3306 1845 3362 allein
1870 3306 1963 3362 die
1988 3306 2188 3377 Menge
2225 3308 2326 3364 der
2350 3307 2600 3366 Sklaven
2633 3330 2770 3368 vor-

403 3327 440 3546 (
496 3389 669 3448 stellt.
707 3390 801 3444 die
837 3391 966 3446 dem
1000 3391 1179 3446 Herm
1215 3389 1375 3458 fehlt,
1416 3392 1536 3447 und
1578 3394 1742 3456 (etwa
1795 3392 1974 3447 durch
2019 3389 2408 3463 ‘geschiiftiges
2457 3394 2600 3450 Hin—
2647 3400 2770 3453 und

496 3474 820 3541 Herlaufen)
859 3476 973 3531 den
1008 3476 1300 3532 Eindruek
1337 3476 1635 3534 derselben
1670 3477 2080 3546 hervorbringt.

635 3559 985 3616 Lxxxvm
1026 3564 1070 3616 1.
1116 3580 1320 3615 mum.
1394 3562 1527 3617 ZuI
1562 3566 1610 3626 3,
1647 3538 1728 3649 ὓ

465 3634 548 3806 [K
633 3645 929 3702 LXXXIX
968 3650 1013 3701 1.
1067 3649 1192 3701 lana
1228 3653 1389 3716 caput
1424 3648 1629 3717 alliyas.
1701 3648 1776 3702 Er
1812 3648 1980 3704 sucht
2014 3648 2192 3704 durch
2242 3649 2337 3705 die
2386 3649 2571 3708 Binde
2607 3655 2771 3711 seine

550 3730 965 3802 ahlkiipfigkeit
999 3748 1069 3787 zu
1104 3732 1433 3802 verborgen.

632 3817 969 3873 X01.⁸ed.
1041 3818 1424 3882 zu1117,7.

633 3907 793 3960 clare.
878 3903 1071 3959 Damit
1129 3920 1189 3960 es
1235 3904 1439 3974 gehort
1499 3904 1617 3958 und
1664 3904 1792 3959 dem
1838 3902 2223 3974 Betheiligten
2285 3907 2497 3963 wieder
2548 3912 2774 3969 erziihlt

492 3992 651 4048 wird.
723 3989 909 4046 Ueber
944 3989 1038 4044 die
1085 3988 1414 4059 Hiiufigkeit
1458 3987 1732 4044 lautloser
1769 3985 1992 4044 Gebete
2026 3990 2144 4045 und
2190 3990 2448 4049 Geliibde
2484 3993 2524 4049 J
2527 3996 2643 4051 ahn
2691 4000 2770 4053 ad

492 4078 647 4134 Pers.
689 4079 736 4140 2,
775 4081 824 4128 5.
899 4075 1031 4145 Vgl.
1072 4074 1214 4130 SGI
1253 4076 1366 4127 369.

632 4164 682 4218 2.
722 4160 1098 4214 hemitritaeos.
1173 4159 1254 4213 Zu
1289 4158 1345 4212 II
1383 4160 1553 4224 4o,1.
1622 4141 1627 4147 ¹

631 4249 679 4302 3.
719 4246 935 4317 Styqias
969 4276 1040 4285 —
1074 4246 1148 4298 ad
1179 4243 1412 4296 umbras.
1486 4242 1568 4297 Zu
1602 4243 1630 4296 Ι
1671 4244 1782 4304 101,
1821 4245 1869 4293 5.

630 4334 682 4386 4.
733 4333 807 4385 Ut
843 4332 1067 4385 caderet.
1144 4328 1225 4383 Zu
1261 4326 1344 4381 IX
1378 4330 1462 4391 40,
1505 4331 1534 4378 3
1572 4327 1689 4382 und
1727 4330 1774 4380 4.
