<?xml version="1.0" encoding="UTF-8"?>
<!DOCTYPE html PUBLIC "-//W3C//DTD XHTML 1.0 Transitional//EN"
    "http://www.w3.org/TR/xhtml1/DTD/xhtml1-transitional.dtd">
<html xmlns="http://www.w3.org/1999/xhtml" xml:lang="en" lang="en">
 <head>
  <title>
</title>
<meta http-equiv="Content-Type" content="text/html;charset=utf-8" />
  <meta name='ocr-system' content='tesseract 3.04.00' />
  <meta name='ocr-capabilities' content='ocr_page ocr_carea ocr_par ocr_line ocrx_word'/>
</head>
<body>
  <div class='ocr_page' id='page_1' title='image "./mvaleriimartial02friegoog_0250.png"; bbox 0 0 3192 5084; ppageno 0'>
   <div class='ocr_carea' id='block_1_1' title="bbox 492 349 1941 464">
    <p class='ocr_par' dir='ltr' id='par_1_1' title="bbox 492 349 1941 464">
     <span class='ocr_line' id='line_1_1' title="bbox 492 349 1941 464; baseline -0.008 0"><span class='ocrx_word' id='word_1_1' title='bbox 492 401 618 464; x_wconf 84' lang='lat'>244</span> <span class='ocrx_word' id='word_1_2' title='bbox 1307 397 1378 451; x_wconf 83' lang='grc' dir='ltr'>Μ.</span> <span class='ocrx_word' id='word_1_3' title='bbox 1414 393 1628 452; x_wconf 88' lang='lat' dir='ltr'>Valerii</span> <span class='ocrx_word' id='word_1_4' title='bbox 1665 349 1941 453; x_wconf 38' lang='lat' dir='ltr'>Martialis·</span> 
     </span>
    </p>
   </div>
   <div class='ocr_carea' id='block_1_2' title="bbox 551 568 2861 2359">
    <p class='ocr_par' dir='ltr' id='par_1_2' title="bbox 551 568 2861 2359">
     <span class='ocr_line' id='line_1_2' title="bbox 668 568 2101 640; baseline -0.003 0"><span class='ocrx_word' id='word_1_5' title='bbox 668 574 737 640; x_wconf 87' lang='lat' dir='ltr'>Si</span> <span class='ocrx_word' id='word_1_6' title='bbox 782 573 1175 639; x_wconf 86' lang='lat' dir='ltr'>fortunatum</span> <span class='ocrx_word' id='word_1_7' title='bbox 1217 569 1356 637; x_wconf 89' lang='lat' dir='ltr'>fieri</span> <span class='ocrx_word' id='word_1_8' title='bbox 1402 590 1506 636; x_wconf 92' lang='lat' dir='ltr'>me</span> <span class='ocrx_word' id='word_1_9' title='bbox 1551 569 1759 637; x_wconf 80' lang='lat' dir='ltr'>eredis</span> <span class='ocrx_word' id='word_1_10' title='bbox 1805 576 1870 636; x_wconf 89' lang='lat' dir='ltr'>et</span> <span class='ocrx_word' id='word_1_11' title='bbox 1911 568 2101 635; x_wconf 81' lang='lat' dir='ltr'>heres</span> 
     </span>
     <span class='ocr_line' id='line_1_3' title="bbox 754 645 2299 766; baseline -0.004 -15"><span class='ocrx_word' id='word_1_12' title='bbox 754 685 868 751; x_wconf 77' lang='lat' dir='ltr'>Vis</span> <span class='ocrx_word' id='word_1_13' title='bbox 912 682 1105 749; x_wconf 78' lang='lat' dir='ltr'>scribi</span> <span class='ocrx_word' id='word_1_14' title='bbox 1150 690 1413 766; x_wconf 85' lang='lat' dir='ltr'>propter</span> <span class='ocrx_word' id='word_1_15' title='bbox 1455 682 1740 765; x_wconf 89' lang='lat' dir='ltr'>quinque</span> <span class='ocrx_word' id='word_1_16' title='bbox 1782 645 2080 761; x_wconf 56' lang='lat' dir='ltr'>Lamud,</span> <span class='ocrx_word' id='word_1_17' title='bbox 2130 682 2299 747; x_wconf 85' lang='lat' dir='ltr'>vale.</span> 
     </span>
     <span class='ocr_line' id='line_1_4' title="bbox 588 791 2575 876; baseline -0.001 -16"><span class='ocrx_word' id='word_1_18' title='bbox 588 805 621 860; x_wconf 88' lang='lat'><strong>5</strong></span> <span class='ocrx_word' id='word_1_19' title='bbox 669 797 879 863; x_wconf 87' lang='lat' dir='ltr'>Lauta</span> <span class='ocrx_word' id='word_1_20' title='bbox 920 803 1139 862; x_wconf 87' lang='lat' dir='ltr'>tamen</span> <span class='ocrx_word' id='word_1_21' title='bbox 1183 812 1345 859; x_wconf 85' lang='lat' dir='ltr'>eena</span> <span class='ocrx_word' id='word_1_22' title='bbox 1389 801 1514 859; x_wconf 83' lang='lat' dir='ltr'>est:</span> <span class='ocrx_word' id='word_1_23' title='bbox 1563 792 1792 876; x_wconf 87' lang='lat' dir='ltr'>fateor,</span> <span class='ocrx_word' id='word_1_24' title='bbox 1841 792 2221 873; x_wconf 79' lang='lat' dir='ltr'>lautissima,</span> <span class='ocrx_word' id='word_1_25' title='bbox 2270 791 2388 859; x_wconf 80' lang='lat' dir='ltr'>sed</span> <span class='ocrx_word' id='word_1_26' title='bbox 2433 812 2575 859; x_wconf 82' lang='lat' dir='ltr'>cras</span> 
     </span>
     <span class='ocr_line' id='line_1_5' title="bbox 751 902 2347 988; baseline -0.001 -15"><span class='ocrx_word' id='word_1_27' title='bbox 751 907 864 972; x_wconf 86' lang='lat' dir='ltr'>Nil</span> <span class='ocrx_word' id='word_1_28' title='bbox 908 907 1045 986; x_wconf 89' lang='lat' dir='ltr'>erit,</span> <span class='ocrx_word' id='word_1_29' title='bbox 1091 907 1286 970; x_wconf 91' lang='lat' dir='ltr'>immo</span> <span class='ocrx_word' id='word_1_30' title='bbox 1330 902 1482 970; x_wconf 91' lang='lat' dir='ltr'>hodi</span> <span class='ocrx_word' id='word_1_31' title='bbox 1595 905 1887 988; x_wconf 83' lang='lat' dir='ltr'>protinus</span> <span class='ocrx_word' id='word_1_32' title='bbox 1930 904 2124 970; x_wconf 92' lang='lat' dir='ltr'>immo</span> <span class='ocrx_word' id='word_1_33' title='bbox 2216 904 2347 986; x_wconf 88' lang='lat' dir='ltr'>&#39;hil‚</span> 
     </span>
     <span class='ocr_line' id='line_1_6' title="bbox 604 924 2320 1100; baseline -0.001 -15"><span class='ocrx_word' id='word_1_34' title='bbox 604 992 854 1098; x_wconf 46' lang='lat' dir='ltr'>{Quod</span> <span class='ocrx_word' id='word_1_35' title='bbox 895 1017 1059 1083; x_wconf 78' lang='lat' dir='ltr'>sciat</span> <span class='ocrx_word' id='word_1_36' title='bbox 1100 1016 1327 1082; x_wconf 80' lang='lat' dir='ltr'><strong>infelix</strong></span> <span class='ocrx_word' id='word_1_37' title='bbox 1371 1014 1414 1081; x_wconf 93' lang='lat' dir='ltr'>d</span> <span class='ocrx_word' id='word_1_38' title='bbox 1610 1023 1719 1081; x_wconf 92' lang='lat' dir='ltr'>tae</span> <span class='ocrx_word' id='word_1_39' title='bbox 1762 1035 2052 1100; x_wconf 80' lang='lat' dir='ltr'><strong>spongea</strong></span> <span class='ocrx_word' id='word_1_40' title='bbox 2093 924 2320 1100; x_wconf 39' lang='lat' dir='ltr'>vigae</span> 
     </span>
     <span class='ocr_line' id='line_1_7' title="bbox 753 1127 2325 1214; baseline -0.001 -19"><span class='ocrx_word' id='word_1_41' title='bbox 753 1131 873 1196; x_wconf 93' lang='lat' dir='ltr'>Vel</span> <span class='ocrx_word' id='word_1_42' title='bbox 919 1130 1284 1213; x_wconf 85' lang='lat' dir='ltr'>quiotmque</span> <span class='ocrx_word' id='word_1_43' title='bbox 1328 1127 1507 1193; x_wconf 80' lang='lat' dir='ltr'>oanis</span> <span class='ocrx_word' id='word_1_44' title='bbox 1552 1128 1897 1214; x_wconf 77' lang='lat' dir='ltr'>iunctaque</span> <span class='ocrx_word' id='word_1_45' title='bbox 1942 1134 2111 1198; x_wconf 80' lang='lat' dir='ltr'>testa</span> <span class='ocrx_word' id='word_1_46' title='bbox 2153 1129 2325 1210; x_wconf 66' lang='lat' dir='ltr'>viae.</span> 
     </span>
     <span class='ocr_line' id='line_1_8' title="bbox 668 1239 2455 1325; baseline 0.001 -19"><span class='ocrx_word' id='word_1_47' title='bbox 668 1242 1006 1308; x_wconf 86' lang='lat' dir='ltr'>Mullorum</span> <span class='ocrx_word' id='word_1_48' title='bbox 1048 1242 1195 1325; x_wconf 90' lang='lat' dir='ltr'>lepo</span> <span class='ocrx_word' id='word_1_49' title='bbox 1383 1258 1466 1304; x_wconf 87' lang='lat' dir='ltr'>ue</span> <span class='ocrx_word' id='word_1_50' title='bbox 1512 1245 1577 1304; x_wconf 89' lang='lat' dir='ltr'>et</span> <span class='ocrx_word' id='word_1_51' title='bbox 1621 1240 1890 1305; x_wconf 82' lang='lat' dir='ltr'>suminis</span> <span class='ocrx_word' id='word_1_52' title='bbox 1935 1240 2147 1306; x_wconf 76' lang='lat' dir='ltr'>exitus</span> <span class='ocrx_word' id='word_1_53' title='bbox 2190 1239 2297 1305; x_wconf 87' lang='lat' dir='ltr'>hie</span> <span class='ocrx_word' id='word_1_54' title='bbox 2340 1247 2455 1310; x_wconf 79' lang='lat' dir='ltr'>eet,</span> 
     </span>
     <span class='ocr_line' id='line_1_9' title="bbox 551 1258 2503 1437; baseline -0.001 -20"><span class='ocrx_word' id='word_1_55' title='bbox 551 1362 621 1417; x_wconf 92' lang='lat'>10</span> <span class='ocrx_word' id='word_1_56' title='bbox 755 1258 1502 1437; x_wconf 52' lang='lat' dir='ltr'>Sulphureusqfflolor</span> <span class='ocrx_word' id='word_1_57' title='bbox 1545 1349 1878 1417; x_wconf 77' lang='lat' dir='ltr'>carnifices</span> <span class='ocrx_word' id='word_1_58' title='bbox 1924 1370 2007 1416; x_wconf 89' lang='lat' dir='ltr'>ue</span> <span class='ocrx_word' id='word_1_59' title='bbox 2049 1351 2280 1437; x_wconf 80' lang='lat' dir='ltr'>pedes:</span> <span class='ocrx_word' id='word_1_60' title='bbox 2482 1344 2503 1364; x_wconf 85' lang='lat'><em>⁰</em></span> 
     </span>
     <span class='ocr_line' id='line_1_10' title="bbox 669 1462 2091 1547; baseline -0.001 -17"><span class='ocrx_word' id='word_1_61' title='bbox 669 1465 815 1530; x_wconf 88' lang='lat' dir='ltr'>Non</span> <span class='ocrx_word' id='word_1_62' title='bbox 856 1463 1114 1529; x_wconf 88' lang='lat' dir='ltr'>Albana</span> <span class='ocrx_word' id='word_1_63' title='bbox 1155 1462 1316 1527; x_wconf 92' lang='lat' dir='ltr'>mihi</span> <span class='ocrx_word' id='word_1_64' title='bbox 1361 1463 1448 1529; x_wconf 82' lang='lat' dir='ltr'>sit</span> <span class='ocrx_word' id='word_1_65' title='bbox 1492 1462 1858 1529; x_wconf 75' lang='lat' dir='ltr'>comissatio</span> <span class='ocrx_word' id='word_1_66' title='bbox 1903 1464 2091 1547; x_wconf 85' lang='lat' dir='ltr'>tanti,</span> 
     </span>
     <span class='ocr_line' id='line_1_11' title="bbox 750 1533 2150 1660; baseline -0.001 -20"><span class='ocrx_word' id='word_1_67' title='bbox 750 1575 888 1640; x_wconf 86' lang='lat' dir='ltr'>Nee</span> <span class='ocrx_word' id='word_1_68' title='bbox 931 1574 1335 1660; x_wconf 77' lang='lat' dir='ltr'>Capitolinae</span> <span class='ocrx_word' id='word_1_69' title='bbox 1378 1533 1882 1659; x_wconf 60' lang='lat' dir='ltr'>pontifflque</span> <span class='ocrx_word' id='word_1_70' title='bbox 1924 1574 2150 1660; x_wconf 82' lang='lat' dir='ltr'>dapes.</span> 
     </span>
     <span class='ocr_line' id='line_1_12' title="bbox 670 1685 2286 1771; baseline -0.001 -19"><span class='ocrx_word' id='word_1_71' title='bbox 670 1687 952 1771; x_wconf 85' lang='lat' dir='ltr'>Imputet</span> <span class='ocrx_word' id='word_1_72' title='bbox 995 1687 1138 1770; x_wconf 81' lang='lat' dir='ltr'>ipse</span> <span class='ocrx_word' id='word_1_73' title='bbox 1183 1686 1343 1752; x_wconf 80' lang='lat' dir='ltr'>deus</span> <span class='ocrx_word' id='word_1_74' title='bbox 1388 1693 1612 1752; x_wconf 84' lang='lat' dir='ltr'>neotar</span> <span class='ocrx_word' id='word_1_75' title='bbox 1653 1685 1830 1767; x_wconf 85' lang='lat' dir='ltr'>mihi,</span> <span class='ocrx_word' id='word_1_76' title='bbox 1878 1685 1991 1752; x_wconf 90' lang='lat' dir='ltr'>fiet</span> <span class='ocrx_word' id='word_1_77' title='bbox 2034 1694 2286 1753; x_wconf 79' lang='lat' dir='ltr'>acetum</span> 
     </span>
     <span class='ocr_line' id='line_1_13' title="bbox 755 1749 1940 1906; baseline -0.003 -43"><span class='ocrx_word' id='word_1_78' title='bbox 755 1799 837 1865; x_wconf 87' lang='lat' dir='ltr'>Et</span> <span class='ocrx_word' id='word_1_79' title='bbox 879 1798 1178 1865; x_wconf 87' lang='lat' dir='ltr'>Vaticani</span> <span class='ocrx_word' id='word_1_80' title='bbox 1221 1749 1732 1906; x_wconf 45' lang='lat' dir='ltr'>perfidssgappa</span> <span class='ocrx_word' id='word_1_81' title='bbox 1778 1796 1940 1864; x_wconf 84' lang='lat' dir='ltr'>oadi.</span> 
     </span>
     <span class='ocr_line' id='line_1_14' title="bbox 551 1897 2208 1992; baseline 0.001 -19"><span class='ocrx_word' id='word_1_82' title='bbox 551 1919 622 1974; x_wconf 85' lang='lat'>15</span> <span class='ocrx_word' id='word_1_83' title='bbox 658 1897 992 1976; x_wconf 73' lang='lat' dir='ltr'>‘Convivas</span> <span class='ocrx_word' id='word_1_84' title='bbox 1037 1909 1202 1975; x_wconf 82' lang='lat' dir='ltr'>alios</span> <span class='ocrx_word' id='word_1_85' title='bbox 1247 1928 1550 1975; x_wconf 75' lang='lat' dir='ltr'>cenarum</span> <span class='ocrx_word' id='word_1_86' title='bbox 1596 1929 1838 1992; x_wconf 87' lang='lat' dir='ltr'>quaere</span> <span class='ocrx_word' id='word_1_87' title='bbox 1883 1910 2208 1992; x_wconf 84' lang='lat' dir='ltr'>magister,</span> 
     </span>
     <span class='ocr_line' id='line_1_15' title="bbox 754 2019 2337 2104; baseline -0.002 -18"><span class='ocrx_word' id='word_1_88' title='bbox 754 2019 929 2098; x_wconf 80' lang='lat' dir='ltr'>Quos</span> <span class='ocrx_word' id='word_1_89' title='bbox 976 2021 1236 2104; x_wconf 85' lang='lat' dir='ltr'>capiant</span> <span class='ocrx_word' id='word_1_90' title='bbox 1278 2040 1543 2087; x_wconf 81' lang='lat' dir='ltr'>mensae</span> <span class='ocrx_word' id='word_1_91' title='bbox 1588 2039 1791 2104; x_wconf 82' lang='lat' dir='ltr'>regna</span> <span class='ocrx_word' id='word_1_92' title='bbox 1834 2019 2114 2104; x_wconf 82' lang='lat' dir='ltr'>superba</span> <span class='ocrx_word' id='word_1_93' title='bbox 2155 2027 2337 2087; x_wconf 87' lang='lat' dir='ltr'>tuae:</span> 
     </span>
     <span class='ocr_line' id='line_1_16' title="bbox 667 2130 2284 2200; baseline -0.002 -1"><span class='ocrx_word' id='word_1_94' title='bbox 667 2133 773 2199; x_wconf 89' lang='lat' dir='ltr'>Me</span> <span class='ocrx_word' id='word_1_95' title='bbox 816 2150 999 2197; x_wconf 83' lang='lat' dir='ltr'>meus</span> <span class='ocrx_word' id='word_1_96' title='bbox 1044 2130 1131 2197; x_wconf 86' lang='lat' dir='ltr'>ad</span> <span class='ocrx_word' id='word_1_97' title='bbox 1174 2130 1422 2200; x_wconf 77' lang='lat' dir='ltr'>subitas</span> <span class='ocrx_word' id='word_1_98' title='bbox 1468 2131 1698 2198; x_wconf 84' lang='lat' dir='ltr'>invitet</span> <span class='ocrx_word' id='word_1_99' title='bbox 1742 2131 1986 2196; x_wconf 82' lang='lat' dir='ltr'>amiens</span> <span class='ocrx_word' id='word_1_100' title='bbox 2032 2130 2284 2198; x_wconf 78' lang='lat' dir='ltr'>ofellae:</span> 
     </span>
     <span class='ocr_line' id='line_1_17' title="bbox 754 2241 2861 2359; baseline 0.001 -51"><span class='ocrx_word' id='word_1_101' title='bbox 754 2243 936 2309; x_wconf 83' lang='lat' dir='ltr'>Haeo</span> <span class='ocrx_word' id='word_1_102' title='bbox 978 2241 1156 2323; x_wconf 90' lang='lat' dir='ltr'>mihi,</span> <span class='ocrx_word' id='word_1_103' title='bbox 1203 2262 1399 2325; x_wconf 87' lang='lat' dir='ltr'>quam</span> <span class='ocrx_word' id='word_1_104' title='bbox 1442 2262 1704 2327; x_wconf 79' lang='lat' dir='ltr'>possum</span> <span class='ocrx_word' id='word_1_105' title='bbox 1749 2241 2039 2324; x_wconf 85' lang='lat' dir='ltr'>reddere,</span> <span class='ocrx_word' id='word_1_106' title='bbox 2088 2262 2251 2310; x_wconf 86' lang='lat' dir='ltr'>cena</span> <span class='ocrx_word' id='word_1_107' title='bbox 2293 2243 2524 2329; x_wconf 81' lang='lat' dir='ltr'>placet.</span> <span class='ocrx_word' id='word_1_108' title='bbox 2549 2275 2642 2357; x_wconf 49' lang='grc' dir='ltr'>(ὁ</span> <span class='ocrx_word' id='word_1_109' title='bbox 2663 2262 2753 2353; x_wconf 69' lang='lat'><em>5</em></span> <span class='ocrx_word' id='word_1_110' title='bbox 2768 2259 2861 2359; x_wconf 71' lang='lat'>3</span> 
     </span>
    </p>
   </div>
   <div class='ocr_carea' id='block_1_3' title="bbox 501 2409 914 2419">
    <p class='ocr_par' dir='ltr' id='par_1_3' title="bbox 501 2409 914 2419">
     <span class='ocr_line' id='line_1_18' title="bbox 501 2409 914 2419; baseline 0 2665"><span class='ocrx_word' id='word_1_111' title='bbox 501 2409 914 2419; x_wconf 95' lang='lat' dir='ltr'> </span> 
     </span>
    </p>
   </div>
   <div class='ocr_carea' id='block_1_4' title="bbox 638 2409 2478 2570">
    <p class='ocr_par' dir='ltr' id='par_1_4' title="bbox 638 2409 2478 2570">
     <span class='ocr_line' id='line_1_19' title="bbox 1333 2409 1350 2444; baseline 0 0"><span class='ocrx_word' id='word_1_112' title='bbox 1333 2409 1350 2444; x_wconf 62' lang='lat' dir='ltr'>l</span> 
     </span>
     <span class='ocr_line' id='line_1_20' title="bbox 638 2497 2478 2570; baseline 0.001 -16"><span class='ocrx_word' id='word_1_113' title='bbox 638 2498 880 2554; x_wconf 90' lang='lat' dir='ltr'>XLVIII</span> <span class='ocrx_word' id='word_1_114' title='bbox 920 2500 998 2555; x_wconf 81' lang='grc'><strong>12.</strong></span> <span class='ocrx_word' id='word_1_115' title='bbox 1058 2499 1251 2556; x_wconf 87' lang='lat' dir='ltr'>Horat.</span> <span class='ocrx_word' id='word_1_116' title='bbox 1290 2497 1351 2554; x_wconf 87' lang='lat' dir='ltr'>C.</span> <span class='ocrx_word' id='word_1_117' title='bbox 1394 2499 1451 2554; x_wconf 89' lang='lat'>11</span> <span class='ocrx_word' id='word_1_118' title='bbox 1485 2504 1531 2566; x_wconf 73' lang='lat'>⁴,</span> <span class='ocrx_word' id='word_1_119' title='bbox 1572 2501 1638 2553; x_wconf 81' lang='grc'>28</span> <span class='ocrx_word' id='word_1_120' title='bbox 1675 2498 2013 2556; x_wconf 79' lang='lat' dir='ltr'>Pontificum</span> <span class='ocrx_word' id='word_1_121' title='bbox 2049 2499 2269 2570; x_wconf 85' lang='lat' dir='ltr'>potiore</span> <span class='ocrx_word' id='word_1_122' title='bbox 2306 2500 2478 2557; x_wconf 74' lang='lat' dir='ltr'>cenis.</span> 
     </span>
    </p>
   </div>
   <div class='ocr_carea' id='block_1_5' title="bbox 500 2623 913 2635">
    <p class='ocr_par' dir='ltr' id='par_1_5' title="bbox 500 2623 913 2635">
     <span class='ocr_line' id='line_1_21' title="bbox 500 2623 913 2635; baseline 0 2449"><span class='ocrx_word' id='word_1_123' title='bbox 500 2623 913 2635; x_wconf 95' lang='lat' dir='ltr'> </span> 
     </span>
    </p>
   </div>
   <div class='ocr_carea' id='block_1_6' title="bbox 637 2722 1466 2790">
    <p class='ocr_par' dir='ltr' id='par_1_6' title="bbox 637 2722 1466 2790">
     <span class='ocr_line' id='line_1_22' title="bbox 637 2722 1466 2790; baseline 0.001 -13"><span class='ocrx_word' id='word_1_124' title='bbox 637 2727 685 2779; x_wconf 79' lang='lat'>4.</span> <span class='ocrx_word' id='word_1_125' title='bbox 733 2722 993 2778; x_wconf 76' lang='lat' dir='ltr'>Lucrina.</span> <span class='ocrx_word' id='word_1_126' title='bbox 1055 2722 1136 2779; x_wconf 84' lang='lat' dir='ltr'>Zu</span> <span class='ocrx_word' id='word_1_127' title='bbox 1171 2723 1254 2780; x_wconf 88' lang='lat' dir='ltr'>VI</span> <span class='ocrx_word' id='word_1_128' title='bbox 1293 2725 1374 2790; x_wconf 87' lang='lat'>11,</span> <span class='ocrx_word' id='word_1_129' title='bbox 1418 2727 1466 2779; x_wconf 86' lang='lat'>5.</span> 
     </span>
    </p>
   </div>
   <div class='ocr_carea' id='block_1_7' title="bbox 384 2827 2766 3026">
    <p class='ocr_par' dir='ltr' id='par_1_7' title="bbox 384 2827 2766 3026">
     <span class='ocr_line' id='line_1_23' title="bbox 639 2827 2766 2900; baseline 0.002 -21"><span class='ocrx_word' id='word_1_130' title='bbox 639 2830 686 2880; x_wconf 87' lang='lat'>7.</span> <span class='ocrx_word' id='word_1_131' title='bbox 744 2827 941 2900; x_wconf 73' lang='lat' dir='ltr'>infelix</span> <span class='ocrx_word' id='word_1_132' title='bbox 993 2827 1271 2882; x_wconf 69' lang='lat' dir='ltr'>davnnatae</span> <span class='ocrx_word' id='word_1_133' title='bbox 1314 2845 1544 2899; x_wconf 72' lang='lat' dir='ltr'>eponqea</span> <span class='ocrx_word' id='word_1_134' title='bbox 1589 2828 1788 2900; x_wconf 73' lang='lat' dir='ltr'>virque.</span> <span class='ocrx_word' id='word_1_135' title='bbox 1849 2827 2067 2884; x_wconf 71' lang='lat' dir='ltr'>Seneca</span> <span class='ocrx_word' id='word_1_136' title='bbox 2101 2829 2249 2898; x_wconf 87' lang='lat' dir='ltr'>Epp.</span> <span class='ocrx_word' id='word_1_137' title='bbox 2292 2831 2373 2893; x_wconf 90' lang='grc'>70,</span> <span class='ocrx_word' id='word_1_138' title='bbox 2413 2830 2478 2881; x_wconf 85' lang='grc'>20</span> <span class='ocrx_word' id='word_1_139' title='bbox 2525 2829 2766 2899; x_wconf 81' lang='lat' dir='ltr'>Lignum</span> 
     </span>
     <span class='ocr_line' id='line_1_24' title="bbox 384 2829 2627 3026; baseline 0.001 -58"><span class='ocrx_word' id='word_1_140' title='bbox 384 2829 430 3026; x_wconf 38' lang='grc' dir='ltr'>π</span> <span class='ocrx_word' id='word_1_141' title='bbox 499 2913 561 2968; x_wconf 89' lang='lat' dir='ltr'>id</span> <span class='ocrx_word' id='word_1_142' title='bbox 598 2913 752 2984; x_wconf 86' lang='lat' dir='ltr'>quod</span> <span class='ocrx_word' id='word_1_143' title='bbox 787 2913 862 2968; x_wconf 83' lang='lat' dir='ltr'>ad</span> <span class='ocrx_word' id='word_1_144' title='bbox 898 2913 1256 2969; x_wconf 87' lang='lat' dir='ltr'>emundanda</span> <span class='ocrx_word' id='word_1_145' title='bbox 1291 2911 1543 2970; x_wconf 76' lang='lat' dir='ltr'>ob&#39;soona</span> <span class='ocrx_word' id='word_1_146' title='bbox 1580 2914 1922 2970; x_wconf 83' lang='lat' dir='ltr'>adhaerente</span> <span class='ocrx_word' id='word_1_147' title='bbox 1958 2913 2202 2983; x_wconf 80' lang='lat' dir='ltr'>spongia</span> <span class='ocrx_word' id='word_1_148' title='bbox 2238 2915 2489 2983; x_wconf 77' lang='lat' dir='ltr'>positum</span> <span class='ocrx_word' id='word_1_149' title='bbox 2525 2920 2627 2971; x_wconf 81' lang='lat' dir='ltr'>eet.</span> 
     </span>
    </p>
   </div>
   <div class='ocr_carea' id='block_1_8' title="bbox 445 3015 2765 3429">
    <p class='ocr_par' dir='ltr' id='par_1_8' title="bbox 445 3015 2765 3429">
     <span class='ocr_line' id='line_1_25' title="bbox 638 3015 2425 3085; baseline 0.002 -16"><span class='ocrx_word' id='word_1_150' title='bbox 638 3018 687 3073; x_wconf 88' lang='grc'>8.</span> <span class='ocrx_word' id='word_1_151' title='bbox 734 3015 915 3070; x_wconf 73' lang='lat' dir='ltr'>cam‘e:</span> <span class='ocrx_word' id='word_1_152' title='bbox 975 3031 1146 3073; x_wconf 77' lang='lat' dir='ltr'>eanes</span> <span class='ocrx_word' id='word_1_153' title='bbox 1182 3016 1279 3085; x_wconf 85' lang='lat' dir='ltr'>qui</span> <span class='ocrx_word' id='word_1_154' title='bbox 1316 3017 1390 3072; x_wconf 86' lang='lat' dir='ltr'>ad</span> <span class='ocrx_word' id='word_1_155' title='bbox 1424 3019 1697 3073; x_wconf 82' lang='lat' dir='ltr'>vomitum</span> <span class='ocrx_word' id='word_1_156' title='bbox 1732 3023 2054 3075; x_wconf 82' lang='lat' dir='ltr'>aecurrunt.</span> <span class='ocrx_word' id='word_1_157' title='bbox 2141 3015 2425 3074; x_wconf 82' lang='lat' dir='ltr'>Sehrevel.</span> 
     </span>
     <span class='ocr_line' id='line_1_26' title="bbox 445 3097 2765 3173; baseline 0.002 -18"><span class='ocrx_word' id='word_1_158' title='bbox 445 3097 451 3104; x_wconf 82' lang='lat'>&#39;</span> <span class='ocrx_word' id='word_1_159' title='bbox 639 3102 919 3172; x_wconf 73' lang='lat' dir='ltr'>iunctaque</span> <span class='ocrx_word' id='word_1_160' title='bbox 955 3107 1089 3156; x_wconf 70' lang='lat' dir='ltr'>testa</span> <span class='ocrx_word' id='word_1_161' title='bbox 1123 3102 1269 3157; x_wconf 76' lang='lat' dir='ltr'>viae.-</span> <span class='ocrx_word' id='word_1_162' title='bbox 1317 3101 1934 3170; x_wconf 77' lang='lat' dir='ltr'>Bedtlrfnisanstalten,</span> <span class='ocrx_word' id='word_1_163' title='bbox 1984 3103 2288 3172; x_wconf 87' lang='lat' dir='ltr'>amphorae</span> <span class='ocrx_word' id='word_1_164' title='bbox 2323 3102 2383 3157; x_wconf 89' lang='lat' dir='ltr'>in</span> <span class='ocrx_word' id='word_1_165' title='bbox 2430 3103 2765 3173; x_wconf 76' lang='lat' dir='ltr'>angiportis,</span> 
     </span>
     <span class='ocr_line' id='line_1_27' title="bbox 465 3134 2763 3335; baseline -0.001 -91"><span class='ocrx_word' id='word_1_166' title='bbox 465 3134 595 3335; x_wconf 52' lang='lat' dir='ltr'>§die</span> <span class='ocrx_word' id='word_1_167' title='bbox 629 3188 688 3243; x_wconf 91' lang='lat' dir='ltr'>in</span> <span class='ocrx_word' id='word_1_168' title='bbox 722 3188 868 3243; x_wconf 85' lang='lat' dir='ltr'>Rom</span> <span class='ocrx_word' id='word_1_169' title='bbox 904 3187 1082 3244; x_wconf 77' lang='lat' dir='ltr'>echon</span> <span class='ocrx_word' id='word_1_170' title='bbox 1117 3188 1177 3243; x_wconf 91' lang='lat' dir='ltr'>in</span> <span class='ocrx_word' id='word_1_171' title='bbox 1213 3189 1314 3244; x_wconf 88' lang='lat' dir='ltr'>der</span> <span class='ocrx_word' id='word_1_172' title='bbox 1360 3188 1520 3245; x_wconf 86' lang='lat' dir='ltr'>Rede</span> <span class='ocrx_word' id='word_1_173' title='bbox 1565 3190 1669 3246; x_wconf 78' lang='lat' dir='ltr'>des</span> <span class='ocrx_word' id='word_1_174' title='bbox 1705 3189 1891 3246; x_wconf 75' lang='lat' dir='ltr'>Titine</span> <span class='ocrx_word' id='word_1_175' title='bbox 1936 3187 2028 3245; x_wconf 76' lang='lat' dir='ltr'>fiir</span> <span class='ocrx_word' id='word_1_176' title='bbox 2062 3188 2155 3245; x_wconf 90' lang='lat' dir='ltr'>die</span> <span class='ocrx_word' id='word_1_177' title='bbox 2195 3188 2287 3245; x_wconf 85' lang='lat' dir='ltr'>lex</span> <span class='ocrx_word' id='word_1_178' title='bbox 2322 3188 2541 3245; x_wconf 85' lang='lat' dir='ltr'>Fannia</span> <span class='ocrx_word' id='word_1_179' title='bbox 2579 3191 2672 3242; x_wconf 87' lang='grc'>161</span> <span class='ocrx_word' id='word_1_180' title='bbox 2711 3206 2763 3245; x_wconf 84' lang='lat' dir='ltr'>v.</span> 
     </span>
     <span class='ocr_line' id='line_1_28' title="bbox 503 3271 1622 3332; baseline 0.003 -3"><span class='ocrx_word' id='word_1_181' title='bbox 503 3273 630 3330; x_wconf 85' lang='lat' dir='ltr'>Chr.</span> <span class='ocrx_word' id='word_1_182' title='bbox 669 3273 921 3330; x_wconf 65' lang='lat' dir='ltr'>erwahnt</span> <span class='ocrx_word' id='word_1_183' title='bbox 953 3274 1195 3329; x_wconf 83' lang='lat' dir='ltr'>werden.</span> <span class='ocrx_word' id='word_1_184' title='bbox 1256 3271 1347 3328; x_wconf 86' lang='lat' dir='ltr'>SG</span> <span class='ocrx_word' id='word_1_185' title='bbox 1383 3274 1467 3328; x_wconf 92' lang='lat'>111</span> <span class='ocrx_word' id='word_1_186' title='bbox 1507 3277 1622 3332; x_wconf 89' lang='lat'><strong>151.</strong></span> 
     </span>
     <span class='ocr_line' id='line_1_29' title="bbox 643 3357 1403 3429; baseline -0.003 -17"><span class='ocrx_word' id='word_1_187' title='bbox 643 3358 942 3429; x_wconf 74' lang='lat' dir='ltr'>iunctaque.</span> <span class='ocrx_word' id='word_1_188' title='bbox 999 3357 1080 3414; x_wconf 86' lang='lat' dir='ltr'>Zu</span> <span class='ocrx_word' id='word_1_189' title='bbox 1115 3358 1200 3414; x_wconf 90' lang='lat' dir='ltr'>VI</span> <span class='ocrx_word' id='word_1_190' title='bbox 1235 3361 1319 3426; x_wconf 84' lang='lat'>28,</span> <span class='ocrx_word' id='word_1_191' title='bbox 1357 3361 1403 3411; x_wconf 83' lang='lat'>5.</span> 
     </span>
    </p>
   </div>
   <div class='ocr_carea' id='block_1_9' title="bbox 500 3460 2766 3618">
    <p class='ocr_par' dir='ltr' id='par_1_9' title="bbox 500 3460 2766 3618">
     <span class='ocr_line' id='line_1_30' title="bbox 643 3460 2766 3533; baseline 0.003 -19"><span class='ocrx_word' id='word_1_192' title='bbox 643 3463 724 3515; x_wconf 89' lang='lat'>11.</span> <span class='ocrx_word' id='word_1_193' title='bbox 775 3463 991 3516; x_wconf 78' lang='lat' dir='ltr'>Albana</span> <span class='ocrx_word' id='word_1_194' title='bbox 1025 3490 1093 3501; x_wconf 92' lang='lat'>—</span> <span class='ocrx_word' id='word_1_195' title='bbox 1129 3460 1443 3516; x_wconf 65' lang='lat' dir='ltr'>comissatio.</span> <span class='ocrx_word' id='word_1_196' title='bbox 1510 3462 1621 3518; x_wconf 87' lang='lat' dir='ltr'>Ein</span> <span class='ocrx_word' id='word_1_197' title='bbox 1655 3461 1897 3533; x_wconf 81' lang='lat' dir='ltr'>Gelage,</span> <span class='ocrx_word' id='word_1_198' title='bbox 1940 3462 2046 3518; x_wconf 82' lang='lat' dir='ltr'>wie</span> <span class='ocrx_word' id='word_1_199' title='bbox 2083 3477 2144 3518; x_wconf 83' lang='lat' dir='ltr'>es</span> <span class='ocrx_word' id='word_1_200' title='bbox 2178 3462 2468 3519; x_wconf 88' lang='lat' dir='ltr'>Domitian</span> <span class='ocrx_word' id='word_1_201' title='bbox 2504 3461 2609 3518; x_wconf 86' lang='lat' dir='ltr'>auf</span> <span class='ocrx_word' id='word_1_202' title='bbox 2638 3464 2766 3521; x_wconf 88' lang='lat' dir='ltr'>dem</span> 
     </span>
     <span class='ocr_line' id='line_1_31' title="bbox 500 3532 1904 3618; baseline 0.001 -14"><span class='ocrx_word' id='word_1_203' title='bbox 500 3548 788 3606; x_wconf 87' lang='lat' dir='ltr'>Albanum</span> <span class='ocrx_word' id='word_1_204' title='bbox 821 3546 952 3618; x_wconf 84' lang='lat' dir='ltr'>gab.</span> <span class='ocrx_word' id='word_1_205' title='bbox 1633 3532 1904 3591; x_wconf 36' lang='lat' dir='ltr'>“x‘’</span> 
     </span>
    </p>
   </div>
   <div class='ocr_carea' id='block_1_10' title="bbox 502 3649 2773 4186">
    <p class='ocr_par' dir='ltr' id='par_1_10' title="bbox 502 3649 2773 4186">
     <span class='ocr_line' id='line_1_32' title="bbox 647 3649 2767 3722; baseline 0.002 -18"><span class='ocrx_word' id='word_1_206' title='bbox 647 3654 724 3706; x_wconf 84' lang='lat'>12.</span> <span class='ocrx_word' id='word_1_207' title='bbox 791 3650 1125 3721; x_wconf 72' lang='lat' dir='ltr'>Capitolinae</span> <span class='ocrx_word' id='word_1_208' title='bbox 1158 3681 1226 3691; x_wconf 95' lang='lat'><strong>—</strong></span> <span class='ocrx_word' id='word_1_209' title='bbox 1271 3652 1448 3722; x_wconf 68' lang='lat' dir='ltr'>dapes.</span> <span class='ocrx_word' id='word_1_210' title='bbox 1531 3652 1652 3708; x_wconf 80' lang='lat' dir='ltr'>Das</span> <span class='ocrx_word' id='word_1_211' title='bbox 1712 3651 1941 3722; x_wconf 86' lang='lat' dir='ltr'>epulum</span> <span class='ocrx_word' id='word_1_212' title='bbox 1999 3650 2154 3707; x_wconf 78' lang='lat' dir='ltr'>Iovis</span> <span class='ocrx_word' id='word_1_213' title='bbox 2213 3651 2272 3706; x_wconf 87' lang='lat' dir='ltr'>in</span> <span class='ocrx_word' id='word_1_214' title='bbox 2330 3649 2619 3721; x_wconf 83' lang='lat' dir='ltr'>Capitolio</span> <span class='ocrx_word' id='word_1_215' title='bbox 2677 3669 2767 3710; x_wconf 93' lang='lat' dir='ltr'>am</span> 
     </span>
     <span class='ocr_line' id='line_1_33' title="bbox 509 3735 2771 3807; baseline 0.001 -16"><span class='ocrx_word' id='word_1_216' title='bbox 509 3741 589 3795; x_wconf 83' lang='lat'>13.</span> <span class='ocrx_word' id='word_1_217' title='bbox 627 3736 946 3794; x_wconf 81' lang='lat' dir='ltr'>November</span> <span class='ocrx_word' id='word_1_218' title='bbox 989 3738 1107 3794; x_wconf 85' lang='lat' dir='ltr'>und</span> <span class='ocrx_word' id='word_1_219' title='bbox 1155 3754 1244 3793; x_wconf 89' lang='lat' dir='ltr'>am</span> <span class='ocrx_word' id='word_1_220' title='bbox 1295 3740 1371 3791; x_wconf 87' lang='lat'>13.</span> <span class='ocrx_word' id='word_1_221' title='bbox 1410 3738 1763 3807; x_wconf 84' lang='lat' dir='ltr'>September:</span> <span class='ocrx_word' id='word_1_222' title='bbox 1800 3737 2127 3806; x_wconf 85' lang='lat' dir='ltr'>Marquardt</span> <span class='ocrx_word' id='word_1_223' title='bbox 2162 3735 2279 3793; x_wconf 86' lang='lat' dir='ltr'>StV</span> <span class='ocrx_word' id='word_1_224' title='bbox 2314 3736 2402 3791; x_wconf 91' lang='lat'>111</span> <span class='ocrx_word' id='word_1_225' title='bbox 2439 3739 2538 3792; x_wconf 80' lang='lat'>348</span> <span class='ocrx_word' id='word_1_226' title='bbox 2575 3735 2614 3792; x_wconf 85' lang='lat' dir='ltr'>f.</span> <span class='ocrx_word' id='word_1_227' title='bbox 2649 3739 2771 3794; x_wconf 86' lang='lat' dir='ltr'>und</span> 
     </span>
     <span class='ocr_line' id='line_1_34' title="bbox 502 3821 2772 3896; baseline 0 -17"><span class='ocrx_word' id='word_1_228' title='bbox 502 3827 602 3880; x_wconf 79' lang='lat'>498</span> <span class='ocrx_word' id='word_1_229' title='bbox 638 3823 680 3881; x_wconf 86' lang='lat' dir='ltr'>f.</span> <span class='ocrx_word' id='word_1_230' title='bbox 754 3823 862 3879; x_wconf 91' lang='lat' dir='ltr'>Die</span> <span class='ocrx_word' id='word_1_231' title='bbox 898 3821 1208 3880; x_wconf 66' lang='lat' dir='ltr'>Sehmause</span> <span class='ocrx_word' id='word_1_232' title='bbox 1254 3823 1353 3880; x_wconf 90' lang='lat' dir='ltr'>der</span> <span class='ocrx_word' id='word_1_233' title='bbox 1385 3822 1935 3896; x_wconf 81' lang='lat' dir='ltr'>Priesterkollegien‚</span> <span class='ocrx_word' id='word_1_234' title='bbox 1984 3823 2327 3879; x_wconf 85' lang='lat' dir='ltr'>namentlioh</span> <span class='ocrx_word' id='word_1_235' title='bbox 2365 3823 2457 3878; x_wconf 86' lang='lat' dir='ltr'>die</span> <span class='ocrx_word' id='word_1_236' title='bbox 2493 3822 2772 3880; x_wconf 78' lang='lat' dir='ltr'>Antritts-</span> 
     </span>
     <span class='ocr_line' id='line_1_35' title="bbox 505 3909 2773 3980; baseline 0 -13"><span class='ocrx_word' id='word_1_237' title='bbox 505 3912 829 3977; x_wconf 73' lang='lat' dir='ltr'>sohm‘ause,</span> <span class='ocrx_word' id='word_1_238' title='bbox 875 3924 1063 3965; x_wconf 81' lang='lat' dir='ltr'>waren</span> <span class='ocrx_word' id='word_1_239' title='bbox 1110 3910 1289 3965; x_wconf 71' lang='lat' dir='ltr'>durch</span> <span class='ocrx_word' id='word_1_240' title='bbox 1337 3909 1457 3965; x_wconf 88' lang='lat' dir='ltr'>ihre</span> <span class='ocrx_word' id='word_1_241' title='bbox 1491 3909 1842 3980; x_wconf 81' lang='lat' dir='ltr'>Ueppigkeit</span> <span class='ocrx_word' id='word_1_242' title='bbox 1873 3909 2216 3980; x_wconf 74' lang='lat' dir='ltr'>bertiehtigt.</span> <span class='ocrx_word' id='word_1_243' title='bbox 2291 3909 2617 3979; x_wconf 71' lang='lat' dir='ltr'>Marquardt</span> <span class='ocrx_word' id='word_1_244' title='bbox 2652 3909 2773 3967; x_wconf 82' lang='lat' dir='ltr'>stv</span> 
     </span>
     <span class='ocr_line' id='line_1_36' title="bbox 627 3998 829 4049; baseline -0.005 0"><span class='ocrx_word' id='word_1_245' title='bbox 627 3998 719 4049; x_wconf 80' lang='lat'>231</span> <span class='ocrx_word' id='word_1_246' title='bbox 784 3999 829 4048; x_wconf 89' lang='grc'>7.</span> 
     </span>
     <span class='ocr_line' id='line_1_37' title="bbox 504 3997 1718 4186; baseline -0.001 -41"><span class='ocrx_word' id='word_1_247' title='bbox 504 3997 592 4052; x_wconf 90' lang='lat'>111</span> <span class='ocrx_word' id='word_1_248' title='bbox 642 4039 744 4150; x_wconf 60' lang='lat'>14.&#39;</span> <span class='ocrx_word' id='word_1_249' title='bbox 786 4089 1038 4147; x_wconf 62' lang='lat' dir='ltr'>Vaticana·</span> <span class='ocrx_word' id='word_1_250' title='bbox 1065 4119 1136 4129; x_wconf 91' lang='lat'>—</span> <span class='ocrx_word' id='word_1_251' title='bbox 1170 4089 1306 4186; x_wconf 48' lang='lat' dir='ltr'>qaae.</span> <span class='ocrx_word' id='word_1_252' title='bbox 1373 4089 1453 4145; x_wconf 83' lang='grc' dir='ltr'>Ζιι</span> <span class='ocrx_word' id='word_1_253' title='bbox 1487 4090 1514 4145; x_wconf 91' lang='lat'><em>1</em></span> <span class='ocrx_word' id='word_1_254' title='bbox 1555 4092 1632 4155; x_wconf 71' lang='grc' dir='ltr'>ιε,</span> <span class='ocrx_word' id='word_1_255' title='bbox 1669 4092 1718 4144; x_wconf 87' lang='lat'>2.</span> 
     </span>
    </p>
   </div>
   <div class='ocr_carea' id='block_1_11' title="bbox 500 4183 2773 4341">
    <p class='ocr_par' dir='ltr' id='par_1_11' title="bbox 500 4183 2773 4341">
     <span class='ocr_line' id='line_1_38' title="bbox 644 4183 2773 4257; baseline 0.001 -18"><span class='ocrx_word' id='word_1_256' title='bbox 644 4188 725 4240; x_wconf 82' lang='lat'>15.</span> <span class='ocrx_word' id='word_1_257' title='bbox 780 4201 1029 4238; x_wconf 73' lang='lat' dir='ltr'>cenarum</span> <span class='ocrx_word' id='word_1_258' title='bbox 1062 4213 1133 4222; x_wconf 92' lang='lat'>—</span> <span class='ocrx_word' id='word_1_259' title='bbox 1166 4183 1434 4255; x_wconf 72' lang='lat' dir='ltr'>maqister.</span> <span class='ocrx_word' id='word_1_260' title='bbox 1495 4184 1823 4256; x_wconf 81' lang='lat' dir='ltr'>Marquardt</span> <span class='ocrx_word' id='word_1_261' title='bbox 1849 4185 1961 4241; x_wconf 89' lang='lat' dir='ltr'>Prl.</span> <span class='ocrx_word' id='word_1_262' title='bbox 1988 4187 2103 4243; x_wconf 83' lang='lat'><strong>322.</strong></span> <span class='ocrx_word' id='word_1_263' title='bbox 2159 4185 2288 4257; x_wconf 79' lang='lat' dir='ltr'><strong>Vgl.</strong></span> <span class='ocrx_word' id='word_1_264' title='bbox 2314 4201 2491 4256; x_wconf 75' lang='lat' dir='ltr'>regna</span> <span class='ocrx_word' id='word_1_265' title='bbox 2526 4184 2773 4253; x_wconf 80' lang='lat' dir='ltr'>superba</span> 
     </span>
     <span class='ocr_line' id='line_1_39' title="bbox 500 4268 1152 4341; baseline -0.006 -13"><span class='ocrx_word' id='word_1_266' title='bbox 500 4271 579 4328; x_wconf 91' lang='lat' dir='ltr'>im</span> <span class='ocrx_word' id='word_1_267' title='bbox 613 4269 923 4341; x_wconf 82' lang='lat' dir='ltr'>folgenden</span> <span class='ocrx_word' id='word_1_268' title='bbox 957 4268 1152 4325; x_wconf 79' lang='lat' dir='ltr'>Verso.</span> 
     </span>
    </p>
   </div>
   <div class='ocr_carea' id='block_1_12' title="bbox 647 4369 1473 4442">
    <p class='ocr_par' dir='ltr' id='par_1_12' title="bbox 647 4369 1473 4442">
     <span class='ocr_line' id='line_1_40' title="bbox 647 4369 1473 4442; baseline 0 -16"><span class='ocrx_word' id='word_1_269' title='bbox 647 4376 725 4428; x_wconf 89' lang='grc'><strong>17.</strong></span> <span class='ocrx_word' id='word_1_270' title='bbox 781 4373 988 4442; x_wconf 71' lang='lat' dir='ltr'>osella-⁸.</span> <span class='ocrx_word' id='word_1_271' title='bbox 1060 4369 1142 4427; x_wconf 88' lang='lat' dir='ltr'>Zu</span> <span class='ocrx_word' id='word_1_272' title='bbox 1176 4371 1231 4425; x_wconf 88' lang='lat' dir='ltr'>X</span> <span class='ocrx_word' id='word_1_273' title='bbox 1266 4373 1349 4437; x_wconf 82' lang='lat'>48,</span> <span class='ocrx_word' id='word_1_274' title='bbox 1391 4375 1473 4426; x_wconf 87' lang='lat'>15.</span> 
     </span>
    </p>
   </div>
  </div>
 </body>
</html>
