3192 5084
508 347 591 409 40
1322 343 1394 399 Π.
1437 342 1651 400 Valerii
1685 343 1958 400 Martialis

769 516 925 597 Rus,
974 516 1247 595 Entelle‚
1292 522 1444 581 tuae
1488 516 1814 600 praeferet
1858 517 1967 583 ille
2012 519 2256 584 domus.

678 626 911 693 Invida
955 645 1309 711 purpureos
1353 634 1497 693 urat
1543 648 1625 693 ne
1670 628 1898 695 bruma
1941 648 2228 695 racemos

764 740 847 805 Et
889 738 1179 822 gelidum
1224 738 1465 805 Bacchi
1509 759 1779 805 munera
1822 739 2030 824 frigus
2075 740 2246 821 edat,

599 859 632 914 5
681 849 960 918 Condita
1002 851 1345 935 perspicua
1389 851 1550 917 vivit
1592 850 1925 918 vindemia
1966 871 2241 936 gemma,

763 963 847 1028 Et
891 964 1131 1047 tegitur
1172 962 1330 1028 felix
1373 981 1493 1028 nec
1537 969 1757 1029 tamen
1798 983 1931 1029 uva
1970 965 2156 1031 latet:

681 1075 1079 1141 Femineum·
1101 1075 1276 1140 lucet
1319 1075 1412 1140 sic
1456 1094 1573 1159 per
1616 1075 2005 1159 bombycina
2049 1095 2295 1161 corpus,

766 1184 1071 1253 Calculus
1115 1187 1185 1251 in
1228 1185 1436 1252 nitida
1480 1188 1576 1252 sic
1619 1194 1992 1253 numeratur
2034 1207 2228 1270 aqua.

681 1296 852 1376 Quid
897 1317 1025 1363 non
1067 1298 1330 1382 ingenio
1374 1299 1579 1364 voluit
1623 1304 1855 1363 natura
1897 1298 2139 1364 licere?

558 1418 629 1472 10
762 1409 1157 1475 Autumnum
1203 1408 1442 1475 sterilis
1487 1408 1656 1474 ferre
1701 1409 1958 1476 iubetur
2001 1409 2229 1477 hiems.

1520 1588 1755 1654 LXIX.

677 1702 935 1768 Miraris
980 1709 1250 1781 veteres,
1300 1701 1599 1781 Vacerra,
1650 1703 1844 1783 soloS,

678 1814 816 1879 Nec
858 1812 1092 1879 laudas
1136 1814 1263 1878 nisi
1308 1820 1588 1879 mortuos
1634 1820 1881 1896 poetas.

675 1925 985 2009 Ignoscas
1027 1925 1324 2010 petimus,
1372 1924 1679 1990 Vacerra:
1728 1927 1893 1991 tanti

675 2037 822 2102 Non
865 2043 987 2118 est,
1035 2043 1107 2102 ut
1149 2038 1443 2120 placeam
1488 2036 1626 2116 tibi,
1674 2038 1905 2120 perire.

1530 2216 1737 2282 LXX.

677 2327 937 2406 Quanta
981 2329 1165 2411 quies
1209 2326 1468 2413 placidi,
1518 2334 1702 2393 tanta
1747 2335 1845 2395 est
1888 2328 2194 2395 facundia
2238 2330 2514 2411 Nervae,

761 2437 894 2506 Sed
939 2439 1197 2505 cohibet
1239 2440 1412 2505 vires
1456 2441 1918 2524 ingeniumque
1960 2439 2189 2525 pudor.

674 2552 834 2618 Cum
880 2553 1123 2618 siccare
1166 2570 1415 2618 sacram
1459 2553 1642 2636 largo
1687 2551 2099 2617 Permessida
2141 2561 2361 2636 posset

708 2764 868 2821 LXX
901 2770 951 2819 3.
1014 2766 1230 2822 siccare
1270 2769 1361 2829 Qm
1434 2766 1651 2821 saciare
1689 2766 2033 2821 XABC'GO
2119 2766 2327 2824 satiare
2365 2767 2482 2821 EF
2557 2783 2776 2823 sacram

507 2855 615 2923 ‘BF
678 2868 899 2909 sacrum
943 2853 1045 2914 ΩΟ
1145 2867 1313 2907 sacra
1358 2851 1707 2907 EXABC'G
1818 2849 1959 2906 Cum
2005 2852 2214 2908 satiare
2251 2869 2415 2909 sacra
2449 2853 2608 2922 large
2643 2853 2779 2909 Per-

512 2940 753 2997 messide
789 2938 977 3008 possit
1012 2932 1123 2993 Ora
1159 2939 1304 2993 Hm.

638 3131 686 3180 2.
724 3128 952 3181 Entello.
1009 3125 1121 3180 Ein
1154 3124 1609 3194 Freigelassener
1643 3125 1991 3190 Domitians,
2041 3126 2141 3182 der
2184 3127 2288 3182 das
2323 3125 2461 3182 Amt
2496 3143 2530 3182 a
2565 3126 2773 3184 libellis

502 3213 843 3270 verwaltete'
876 3211 994 3267 und
1040 3213 1235 3280 spater
1282 3226 1356 3265 an
1403 3210 1503 3266 der
1548 3210 2005 3281 Versehwtsrung
2060 3227 2247 3282 gegen
2299 3212 2400 3267 ibn
2446 3212 2772 3269 theilnahm.

504 3299 595 3355 SG
627 3300 657 3353 1
693 3300 775 3364 86,
813 3301 844 3350 2
879 3313 937 3351 u.
984 3298 1094 3351 158.

641 3387 764 3439 Rus
796 3414 865 3423 —
902 3388 1024 3437 tuae
1056 3412 1127 3421 —-
1162 3382 1363 3435 domus.
1424 3380 1534 3436 Ein
1568 3381 1890 3452 Oxymoron
1925 3383 2030 3438 wie
2067 3383 2178 3439 XII
2203 3387 2284 3450 57,
2311 3387 2372 3437 21
2412 3399 2509 3439 rus
2543 3384 2605 3439 in
2638 3383 2776 3440 urbe

499 3477 621 3528 est:
664 3471 768 3526 das
804 3471 865 3525 in
900 3468 1122 3524 deinem
1158 3468 1515 3524 stiidtischen
1548 3467 1747 3523 Palast
1780 3468 2055 3540 gelegene
2090 3469 2376 3539 Landgut.

640 3560 670 3609 3
708 3556 765 3611 ff.
821 3554 1008 3611 Ueber
1055 3554 1149 3609 die
1183 3554 1287 3610 mit
1321 3553 1630 3609 Fraueneis
1678 3554 1815 3610 oder
1851 3553 1989 3611 Glas
2032 3555 2355 3626 gedeckten
2399 3555 2778 3612 Treibhiiuser

503 3644 604 3700 der
637 3643 846 3698 Romer
878 3640 995 3711 vgl.
1031 3641 1174 3695 VIII
1212 3643 1294 3705 14,
1336 3642 1359 3692 1
1400 3656 1455 3694 u.
1497 3639 1875 3697 Becker-Gon
1909 3642 1996 3697 111
2033 3644 2115 3706 78,
2154 3645 2183 3693 5
2209 3642 2265 3697 ff.

641 3733 691 3781 5.
731 3731 781 3782 6.
839 3727 955 3782 Der
989 3725 1298 3783 Ausdruck
1335 3725 1565 3781 iihnlich
1603 3725 1684 3780 IV
1719 3729 1803 3792 22,
1841 3730 1871 3778 5
1895 3743 1950 3781 u.
1987 3731 2064 3782 6..

640 3817 686 3866 7.
725 3812 1050 3883 bombycina.
1134 3812 1356 3878 Daune,
1394 3812 1821 3883 durchsichtige
1856 3811 2224 3869 Florkleider.
2283 3812 2417 3882 Vgl.
2456 3812 2595 3868 XIV
2633 3815 2774 3878 24,1.

502 3899 828 3970 Marquardt
862 3898 973 3954 Prl.
1014 3901 1134 3951 477.

642 3984 841 4041 LXIX.
904 3983 996 4041 SG
1029 3984 1116 4039 III
1154 3986 1271 4049 403,
1307 3987 1356 4037 4.
1394 3982 1524 4054 Vgl.
1561 3982 1616 4039 V
1655 3987 1734 4037 10.

641 4074 691 4125 3.
732 4075 780 4124 4.
838 4070 980 4125 tanti
1013 4071 1141 4123 Non
1176 4075 1252 4124 est
1278 4099 1344 4109 —
1359 4070 1565 4140 perire.
1617 4069 1746 4140 Vgl.
1767 4068 1821 4122 X
1847 4071 1971 4136 12‚5
1996 4069 2115 4125 und
2138 4069 2372 4141 Madvig
2406 4070 2552 4140 Opp.
2573 4070 2630 4123 ΙΙ
2659 4071 2774 4126 192.

640 4156 799 4212 LXX
837 4160 881 4210 1.
932 4156 1162 4210 Nervae.
1221 4156 1338 4212 Des
1384 4159 1617 4224 spatern
1659 4154 1906 4212 Kaisers.
1977 4154 2110 4225 Vgl.
2151 4155 2234 4210 IX
2270 4159 2354 4210 26.
2424 4156 2590 4212 Auch
2635 4155 2778 4212 Plin.

502 4244 649 4313 Epp.
670 4243 724 4300 V
747 4246 796 4309 3,
817 4246 846 4295 5
885 4247 1064 4299 nennt
1096 4242 1197 4297 ihn
1232 4241 1317 4297 als
1340 4241 1592 4297 Dichter.
1641 4240 1717 4296 Er
1751 4241 1912 4297 hatte
1951 4257 2021 4295 zu
2056 4241 2185 4297 dem
2218 4242 2558 4311 poetischen
2580 4242 2780 4299 Kreise

504 4329 682 4385 Netos
717 4329 936 4399 gehiirt.
982 4326 1075 4383 SG
1109 4327 1194 4381 III
1232 4329 1347 4381 367.
1408 4325 1629 4383 Teuffel
1663 4325 1816 4382 RLG
1852 4329 1971 4392 330,
2016 4330 2059 4380 1.
