3192 5084
838 393 1301 461 Epigrammaton
1336 390 1504 447 Liber
1526 388 1607 443 XI
1645 390 1810 456 (edirt
1831 391 2143 449 December
2166 397 2267 461 96).
2568 401 2689 464 189

597 564 781 629 Dixit
823 564 996 630 idem
1041 565 1333 647 quotiens
1374 564 1620 629 lascivo
1665 564 1826 628 Iuno
1871 564 2187 631 Tonanti?

681 676 805 741 Ille
849 683 1066 742 tamen
1108 673 1339 759 grandi
1387 695 1528 740 cum
1577 673 1956 758 Ganymede
2000 677 2190 741 iacet.

511 796 543 850 5
593 787 982 855 Incurvabat
1023 788 1244 873 Hylan
1275 788 1496 871 ,posito
1541 785 1922 871 Tirynthius
1969 807 2146 853 arcu:

681 901 781 965 Tu
824 900 1134 983 Megaran
1179 898 1388 965 credis
1433 918 1558 963 non
1604 896 1912 964 habuisse
1963 904 2191 965 nates?

591 1012 961 1094 Torquebat
1003 1011 1336 1077 Phoebum
1381 1009 1660 1094 Daphne
1704 1009 2021 1102 fugitivazn
2056 1010 2175 1077 sed
2219 1012 2368 1079 illas

679 1121 987 1189 Oebalius
1032 1123 1327 1189 flammas
1372 1123 1561 1188 iussit
1605 1121 1786 1186 abire
1829 1141 2008 1205 puer.

590 1234 832 1300 Briseis
876 1236 1148 1300 multum
1193 1235 1489 1317 quamvis
1536 1253 1769 1298 aversa
1811 1234 2069 1313 iaceret,

469 1354 543 1408 10
673 1346 1002 1413 Aeacidae
1046 1347 1303 1431 propior
1345 1345 1511 1410 levis
1557 1346 1802 1410 amicus
1847 1351 2006 1410 erat.

586 1458 789 1523 Parce
833 1460 962 1523 tuis
1006 1459 1206 1541 igitur
1249 1455 1407 1522 dare
1450 1456 1743 1521 mascula
1783 1457 2047 1522 nomina
2090 1458 2300 1538 rebus,

673 1571 897 1651 Teque
940 1576 1100 1653 puta
1145 1586 1406 1648 cunnos,
1453 1588 1632 1648 uxor,
1679 1567 1921 1633 habere
1966 1567 2145 1634 duos.
2274 1591 2343 1666 (3
2365 1582 2554 1681 73

659 1777 690 1802 .„
1405 1704 1761 1794 ..XLIVh

563 1809 797 1901 ,Orbus
843 1845 913 1891 es
959 1833 1024 1891 et
1067 1825 1357 1910 locuples
1403 1835 1467 1892 et
1511 1827 1708 1893 Bruto
1754 1827 2016 1892 consule
2048 1834 2282 1893 natus:

667 1940 831 2003 Esse
875 1937 994 2003 tibi
1039 1956 1228 2003 veras
1271 1938 1480 2005 credis
1524 1939 1889 2004 amicitias?

582 2050 746 2116 Sunt
789 2070 1002 2129 verae,
1051 2050 1168 2116 sed
1213 2068 1375 2133 quas
1418 2050 1690 2130 invenie,
1740 2070 1902 2133 quas
1946 2072 2194 2135 pauper
2238 2051 2547 2119 habebas.

666 2159 790 2237 Qui
836 2180 1040 2228 novus
1085 2168 1202 2242 est,
1249 2170 1519 2228 mortem
1563 2161 1781 2246 diligit
1824 2163 1937 2227 ille
1982 2169 2181 2230 tuam.
2332 2182 2429 2244 fb
2456 2166 2525 2252 7
2551 2181 2631 2279 7

1431 2305 1631 2374 XLV.

577 2421 842 2485 Intrasti
887 2420 1182 2502 quotiens
1226 2420 1576 2503 inscriptae
1621 2419 1849 2484 limina
1892 2420 2114 2501 cellae,

664 2531 795 2597 Seu
840 2550 1001 2615 puer
1044 2531 1259 2610 arrisit
1304 2531 1444 2595 sive
1488 2531 1710 2614 puella
1752 2530 1890 2609 tibi,

576 2643 927 2709 Contentus
970 2662 1098 2707 non
1145 2659 1216 2707 es
1259 2641 1503 2706 foribus
1549 2644 1826 2724 veloque
1870 2659 2161 2725 seraque,

659 2754 1117 2836 Secretumque
1161 2752 1346 2818 iubes
1390 2753 1704 2837 grandius
1749 2771 1895 2818 csse
1936 2753 2081 2818 tibi:

494 2873 526 2929 5
575 2866 897 2933 Oblinitur
938 2866 1244 2930 minimae
1290 2865 1343 2930 si
1392 2886 1521 2948 qua
1564 2872 1665 2930 cst
1709 2865 1989 2949 suspicio
2034 2867 2236 2932 rimae

658 2980 1033 3060 Punctaque
1077 2977 1327 3042 lasciva
1371 2996 1538 3059 quae
1581 2977 1988 3042 terebrantur
2033 2996 2170 3041 acu.

571 3088 774 3153 Nemo
819 3096 919 3154 est
963 3096 1096 3154 tam
1139 3089 1343 3154 teneri
1388 3094 1521 3152 tam
1565 3088 1952 3171 sollicitique
1995 3087 2278 3172 pudoris,

657 3199 782 3277 Qui
826 3200 934 3265 vel
978 3200 1299 3284 paedicat,
1347 3200 1698 3280 Canthare,
1745 3202 1851 3265 vel
1896 3199 2108 3266 futuit.
2305 3222 2382 3289 φ
2401 3207 2605 3307 g‘J

1405 3338 1639 3404 XLVI.

568 3448 707 3514 Iam
751 3450 875 3514 nisi
920 3470 1035 3534 per
1079 3467 1374 3515 somnum
1417 3470 1546 3515 non
1589 3450 1823 3533 arrigis
1869 3457 1934 3515 et
1977 3450 2115 3530 tibi,
2163 3450 2396 3529 Maevi‚

533 3618 717 3675 XLIV
757 3624 799 3673 1.
849 3621 1105 3691 locuples
1129 3651 1197 3660 ·-—
1221 3628 1416 3677 natus:
1470 3583 1715 3675 Gilbcrss
1743 3640 1800 3691 p.
1828 3628 1927 3676 219
1997 3620 2277 3690 locuples,
2312 3627 2481 3678 natus
2508 3625 2662 3677 Schn.

533 3773 723 3829 XLIII
759 3780 805 3829 8.
851 3777 1099 3831 Oebalius
1135 3806 1200 3815 —
1229 3795 1372 3846 puer
1407 3800 1470 3823 =
1508 3776 1647 3832 XIV
1687 3778 1799 3841 173,
1836 3778 1885 3831 2.

532 3860 718 3916 XLIV
757 3865 802 3915 1.
844 3862 1021 3915 Bruto
1056 3865 1265 3916 consule
1298 3868 1456 3916 natu-5
1491 3884 1555 3908 ==
1592 3862 1649 3916 X
1685 3863 1769 3924 39,
1814 3865 1856 3913 1.

529 3944 684 4001 XLV
723 3950 767 4000 1.
806 3947 1094 4018 inscriptae
1126 3977 1196 3988 --
1241 3951 1415 4003 cellae.
1481 3948 1704 4004 Petron.
1756 3964 1806 4002 c.
1864 3951 1893 3998 7
1955 3947 2138 4003 Video
2188 3949 2464 4019 quosdam
2515 3948 2663 4003 inter

391 4031 589 4086 titulos
641 4033 936 4103 nudasque
990 4035 1311 4090 meretrices
1364 4035 1555 4089 furtim
1594 4034 2040 4103 conspatiantes.
2106 4033 2307 4100 Tarde,
2344 4034 2511 4088 immo
2541 4033 2660 4104 jam

391 4132 537 4179 sero,
576 4117 831 4173 intellexi
873 4134 961 4174 me
1005 4120 1067 4174 in
1100 4118 1372 4176 fornicem
1419 4136 1545 4176 esse
1592 4120 1917 4176 deductum.
1980 4121 2111 4177 Juv.
2151 4125 2198 4186 6,
2240 4120 2335 4170 122
2382 4126 2513 4189 sagt
2545 4136 2660 4175 von

390 4203 718 4266 Messalina:
779 4204 1042 4270 (intravit)
1085 4206 1286 4261 cellam
1332 4223 1571 4263 vacuam
1608 4213 1780 4275 atque
1831 4223 2012 4262 suam:
2064 4213 2201 4262 tunc
2236 4205 2391 4260 nuda
2424 4205 2659 4275 papillis

390 4288 653 4346 Prostitit
686 4290 914 4356 auratis,
951 4290 1176 4347 titulum
1212 4292 1449 4348 mentita
1482 4292 1776 4363 Lyciscae.

527 4381 574 4430 3.
611 4379 725 4431 volo
759 4405 828 4414 —
861 4394 1080 4447 seraque
1115 4400 1179 4424 ===
1215 4378 1244 4432 1
1281 4382 1362 4444 34,
1398 4382 1445 4434 5.
