3192 5084
492 405 573 467 36
1304 398 1376 453 Μ.
1417 398 1629 455 Valerii
1664 399 1936 456 Martialis

662 575 799 639 Nec
845 570 1167 637 umbilicis
1211 569 1383 654 quod
1427 569 1698 637 decorus
1741 579 1806 638 et
1850 571 2039 638 cedro

582 696 614 750 5
665 686 972 771 Spargor
992 702 1109 767 per
1151 700 1372 749 omnes
1416 684 1620 748 Roma
1662 701 1825 766 quas
1868 691 2046 749 tenet
2088 692 2343 768 gentes:

666 796 796 863 Sed
841 793 1013 878 quod
1058 793 1178 859 sub
1223 793 1382 859 urbe
1425 813 1535 859 rus
1580 793 1893 861 habemus
1937 796 2254 861 aestivum

661 908 1096 989 Vehimurque
1139 905 1333 971 mulis
1376 925 1522 986 non,
1570 912 1644 971 ut
1686 913 1856 987 ante,
1905 906 2250 973 conductis.

662 1018 835 1099 Quid
877 1016 1294 1101 imprecabor,
1343 1037 1381 1083 o
1426 1016 1685 1098 Severe,
1731 1018 2000 1084 liventi?

658 1133 797 1197 Hoc
840 1137 1018 1215 opto:
1065 1129 1277 1194 mulas
1318 1128 1561 1195 habeat
1606 1136 1672 1195 et
1715 1129 2170 1196 suburbanum.

1512 1284 1719 1349 LXII.

656 1397 895 1464 Scribit
937 1397 1006 1461 in
1052 1414 1285 1461 aversa
1327 1395 1559 1460 Picens
1607 1396 2076 1481 epigrammata
2119 1396 2360 1477 charta,

744 1510 826 1575 Et
870 1507 1063 1589 dolet,
1111 1526 1338 1574 averso
1384 1506 1555 1589 quod
1601 1506 1756 1573 facit
1797 1508 1913 1573 illa
1957 1507 2099 1574 deo.

1501 1670 1735 1735 LXIII.

654 1784 1012 1868 Thestylon
1055 1782 1261 1847 Aulus
1305 1789 1504 1864 amat,
1554 1780 1672 1849 sed
1716 1801 1836 1848 nec
1878 1783 2090 1848 minus
2135 1782 2320 1850 ardet
2363 1785 2620 1864 Alexin,

739 1895 1039 1961 Forsitan
1084 1901 1151 1960 et
1192 1901 1489 1959 nostrum.
1520 1913 1692 1959 nunc
1735 1895 2148 1978 Hyacinthon
2193 1903 2382 1962 amat.

654 2008 687 2072 I
731 2025 902 2072 nunc
945 2013 1011 2071 et
1054 2004 1299 2084 dubita,
1348 2010 1532 2071 vates
1578 2024 1663 2069 an
1709 2004 1942 2089 diligat
1983 2007 2180 2091 ipsos,

740 2118 1027 2184 Delicias
1072 2122 1292 2183 vatum
1339 2134 1481 2181 cum
1528 2135 1716 2181 meus
1756 2118 1961 2184 Aulus
2007 2126 2199 2184 amet.

1501 2271 1729 2336 LXIV.

649 2385 739 2452 Ut
780 2402 1031 2470 poscas,
1078 2381 1292 2466 Clyte,
1341 2400 1572 2448 munus
1619 2384 2001 2468 exigueque,

651 2497 795 2563 Uno
840 2495 1124 2560 nasceris
1169 2494 1367 2560 octies
1413 2494 1479 2558 in
1526 2513 1695 2560 anno

650 2609 733 2673 Et
777 2607 969 2685 solas,
1016 2613 1190 2691 puto,
1239 2612 1452 2671 tresve
1497 2613 1879 2689 quattuorve

520 2790 534 2804 ,
650 2720 794 2785 Non
839 2718 1181 2783 natalicias
1222 2716 1429 2783 habes
1476 2717 1830 2784 Kalendas.

570 2840 603 2893 5
651 2830 749 2895 Sit
792 2831 1007 2896 vultus
1053 2829 1170 2893 tibi
1217 2828 1424 2894 levior
1467 2829 1690 2895 licebit

647 2942 843 3007 Tritis
889 2940 1094 3005 litoris
1130 2939 1305 3005 *aridi
1348 2940 1627 3025 lapilliS‚

678 3111 862 3166 LXIII
904 3113 947 3164 1.
1012 3110 1227 3181 Vergil.
1265 3111 1385 3167 Ecl.
1425 3113 1472 3177 2,
1515 3114 1535 3164 l
1577 3111 1908 3169 Formosum
1954 3121 2153 3182 pastor
2191 3113 2458 3187 Corydon
2506 3119 2744 3174 ardebat

476 3196 698 3254 Alexin.
770 3198 817 3249 3.
854 3195 1018 3252 Ovid.
1054 3194 1127 3250 A.
1166 3213 1270 3251 am.
1306 3196 1364 3251 11
1402 3199 1501 3249 222
1539 3198 1565 3252 Ι
1602 3214 1753 3253 nunc
1790 3206 1848 3254 et
1882 3199 2098 3256 dubita.

678 3281 863 3337 LXIV
898 3285 945 3335 5.
983 3283 1032 3334 6.
1096 3281 1255 3337 Ovid.
1293 3281 1364 3336 M.
1402 3281 1539 3337 XIII
1577 3287 1676 3337 792
1712 3284 1918 3340 Levior
1955 3286 2186 3343 assiduo
2224 3288 2445 3345 detritis
2497 3305 2745 3361 aequore

476 3369 727 3424 conchis.

610 3527 659 3576 4.
696 3521 974 3576 umbilicis.
1035 3521 1116 3576 Zu
1151 3521 1179 3576 I
1216 3524 1298 3587 66,
1342 3525 1420 3576 11.

610 3609 780 3663 cedro.
833 3607 915 3662 Zu
950 3606 1036 3661 111
1074 3609 1122 3672 2,
1160 3610 1206 3659 7.

611 3698 662 3747 5.
703 3712 878 3748 omnes
914 3694 1092 3748 Roma
1127 3711 1260 3763 quas
1295 3698 1436 3748 tenet
1471 3701 1665 3766 qentes.
1713 3698 1820 3755 Die
1857 3699 2328 3772 Bevlilkerungen
2365 3703 2465 3758 der
2499 3701 2742 3757 Provin-

471 3796 594 3836 zen.
658 3780 740 3836 Zu
772 3778 886 3834 XII
924 3780 972 3845 3,
1015 3782 1058 3832 1.

608 3869 654 3922 6.
700 3885 813 3920 rus.
882 3865 1002 3920 Das
1045 3864 1483 3933 Nomentanum
1531 3871 1635 3926 das
1680 3871 1764 3925 IX
1813 3874 1877 3924 97
1928 3879 2116 3929 zuerst
2162 3875 2447 3931 erwiihnte
2492 3873 2647 3932 Hans
2682 3875 2742 3930 in

473 3954 574 4009 der
611 3952 781 4009 Stadt
814 3952 1015 4012 besass
1050 3954 1121 4010 M.
1160 3956 1378 4013 damals
1417 3956 1670 4012 offenbar
1704 3958 1854 4014 noch
1889 3957 2065 4014 nicht.

609 4041 655 4092 7.
718 4037 808 4095 SG
844 4040 928 4096 111
970 4042 1089 4096 397.

610 4131 657 4181 8.
699 4129 902 4182 Severo.
963 4128 1045 4183 Ζιι
1080 4128 1137 4181 11
1174 4131 1222 4194 6,
1262 4129 1308 4181 3.

605 4212 765 4267 LXII
806 4215 850 4267 1.
900 4214 969 4267 a'n
1006 4232 1193 4268 aversa
1224 4244 1294 4254 —
1332 4213 1792 4286 cMrtoe‘KZuJIV
1830 4216 1910 4280 86,
1941 4217 2017 4267 11.

606 4300 654 4350 2.
696 4316 881 4352 averso
913 4329 983 4339 —
1018 4301 1127 4354 deo.
1179 4299 1259 4354 Zu
1295 4299 1376 4354 IV
1413 4302 1495 4365 31,
1533 4305 1581 4352 5.

604 4382 791 4437 LXIII
834 4387 880 4437 1.
943 4387 1134 4439 Aulus.
1198 4383 1269 4439 A.
1311 4384 1553 4441 Pudens.
1616 4385 1697 4439 Zu
1731 4385 1759 4438 I
1799 4386 1879 4437 31.
