3192 5084
792 415 1252 484 Epigrammaton
1285 413 1454 469 Liber
1487 411 1571 466 XI
1608 413 1769 478 (editt
1790 412 2102 469 December
2124 415 2224 480 96).
2519 418 2646 481 209

437 598 505 653 10
640 588 1017 654 Debuerant
1059 587 1194 653 alia
1235 587 1373 653 fata
1415 587 1640 651 venire
1683 586 1809 651 via.

558 698 692 766 Sed
736 719 906 767 mors
949 700 1127 765 vocis
1171 699 1296 764 iter
1338 697 1710 781 properavit
1752 696 2013 763 cludere
2055 698 2356 781 blandae,

640 812 742 878 Ne
785 817 1004 896 posset
1047 809 1243 876 duras
1285 809 1545 875 flectere
1588 808 1815 892 lingua
1859 808 2036 875 deas.
2170 805 2400 920 ’7ρΖ

1412 942 1717 1041 xonJ3

453 1125 468 1136 .
554 1077 858 1144 Mentitur
899 1076 1011 1160 qui
1052 1083 1120 1142 te
1162 1076 1487 1176 vitiosum,
1534 1074 1741 1157 zoile,
1790 1072 1976 1141 dicit:

637 1189 783 1254 Non
825 1188 1098 1254 vitiosus
1140 1186 1330 1253 homo
1374 1205 1466 1268 es,
1512 1186 1718 1271 Zoilo,
1767 1186 1885 1252 sed
1927 1188 2174 1254 vitium.

1394 1366 1632 1433 xom.
1649 1342 1722 1441 16

555 1483 803 1548 Pierios
849 1480 1017 1545 vatis
1061 1478 1384 1564 Theodori
1426 1478 1687 1545 flamma
1728 1486 1998 1564 penates

640 1590 947 1658 Abstulit.
1025 1591 1165 1655 Hoc
1206 1589 1408 1655 Musis
1453 1597 1518 1656 et
1559 1590 1697 1670 tibi,
1743 1590 2026 1674 Phoebe,
2078 1593 2333 1678 placet?

556 1702 610 1770 Ο
655 1704 883 1783 scelus,
932 1722 969 1768 o
1014 1721 1317 1786 magnum
1361 1701 1615 1766 facinus
1661 1702 2029 1785 crimenque
2074 1703 2356 1787 deorum,

641 1814 787 1880 Non
832 1814 990 1878 arsit
1033 1814 1276 1897 pariter
1316 1811 1491 1896 quod
1534 1812 1761 1879 domus
1792 1820 1874 1907 ⁴et
1917 1812 2237 1881 dominus!
2311 1844 2572 1994 Jdff

1400 1968 1634 2034 XCIV.

557 2078 744 2161 Quod
787 2080 1056 2145 nimium
1097 2079 1263 2145 lives
1294 2080 1554 2257 nostr&g
1584 2086 1650 2145 et
1692 2080 1933 2164 ubique
1975 2081 2216 2149 libellis

642 2190 970 2271 Detrahis,
1013 2190 1306 2274 ignosco·
1354 2211 1511 2276 verp
1597 2199 1808 2276 poeta,
1858 2194 2059 2278 sapis.

555 2304 693 2370 Hoc
639 2322 995 2499 Gofflquue
1032 2320 1162 2367 non
1203 2321 1372 2382 curo,
1420 2301 1593 2386 quod
1639 2323 1783 2369 cum
1827 2324 1974 2370 mea
2016 2308 2306 2374 carmina
2349 2328 2598 2394 carpas,

840 2414 995 2479 ilas·
1046 2420 1109 2480 et
1152 2413 1263 2493 sic,
1311 2433 1509 2497 verpe
1551 2422 1762 2499 poeta,
1810 2418 2006 2500 sapis.
2060 2427 2066 2432 '

476 2537 509 2591 5
557 2525 733 2594 Illud
775 2545 879 2591 me
924 2525 1184 2605 cruciat,
1231 2523 1510 2609 Solymis
1554 2524 1729 2609 quod
1772 2535 1963 2593 natus
2008 2529 2077 2593 in
2118 2532 2279 2615 ipsis

641 2636 960 2704 Paedicas
1004 2655 1292 2721 puerum,
1340 2656 1537 2721 verpe
1579 2644 1791 2721 poeta,
1838 2659 2070 2705 meum.

553 2751 721 2816 Ecce
763 2767 968 2832 negas
1008 2748 1316 2829 iurasque
1358 2747 1513 2812 mihi
1561 2768 1679 2832 per
1720 2750 1963 2833 templa
2005 2751 2336 2818 Tonantis.

641 2861 790 2927 Non
835 2857 1052 2926 credo:
1099 2859 1264 2941 iura,
1316 2878 1531 2943 verpe,
1579 2879 1697 2956 per
1736 2860 2141 2927 Anchialum.
2282 2895 2359 2989 7
2389 2903 2497 2994 [ὁ

517 3029 709 3086 XCIII
743 3032 793 3086 2.
846 3036 906 3087 et
939 3029 1043 3087 tibi
1081 3030 1759 3092 RTQEXAUFVSehn
1825 3031 1938 3087 hoc
1973 3033 2077 3089 tibi
2116 3035 2208 3087 Ρω
2236 3035 2350 3089 Ser.

521 3115 700 3172 XCIV
736 3118 787 3169 8.
848 3114 1192 3172 Anchialum
1230 3116 1434 3177 QEFm
1502 3114 1846 3172 Auchalium
1892 3118 1952 3172 T.

520 3269 696 3326 XCII.
768 3269 1032 3327 Vinceut.
1067 3269 1284 3326 Bellov.
1322 3268 1418 3340 Sp
1455 3271 1509 3327 d
1544 3270 1627 3326 VI
1662 3273 1727 3324 20
1779 3270 2055 3329 Martialis
2101 3289 2315 3346 coquus
2361 3227 2647 3342 ,Mentitur

385 3359 482 3430 qui
517 3363 575 3414 te
608 3358 889 3414 viciosum
925 3356 1175 3413 zoile—
1209 3356 1374 3423 zoile,
1414 3358 1515 3413 sed
1551 3357 1792 3414 vicium!

518 3442 708 3499 XCIII
743 3446 795 3497 3.
833 3447 883 3497 4.
942 3441 1117 3500 Stehn
1152 3443 1213 3498 iu
1247 3443 1347 3499 der
1380 3442 1620 3499 Hdschr.
1662 3444 1715 3500 d.
1750 3444 2049 3516 Leipziger
2084 3445 2388 3505 Stadtbibl.
2433 3449 2647 3522 (Haupt

384 3528 598 3600 opp.1
632 3531 776 3594 291).
813 3528 900 3586 De
935 3544 1005 3586 eo
1042 3529 1204 3601 quus
1239 3529 1441 3586 domus
1479 3530 1633 3586 arsit.

520 3700 680 3757 XCII
718 3703 762 3753 1.
804 3701 964 3755 Zoilo.
1025 3702 1106 3757 Zu
1139 3702 1198 3756 II
1237 3704 1315 3755 16.

520 3783 710 3840 XCIII
748 3788 797 3838 3.
835 3785 964 3856 Vgl.
1000 3786 1084 3841 XI
1119 3787 1203 3849 91,
1245 3789 1295 3840 3.

520 3870 716 3926 XCIV.
751 3871 826 3925 M.
864 3871 1028 3942 klagt
1060 3871 1253 3943 haufig
1287 3871 1426 3929 fiber
1472 3873 1583 3927 den
1617 3872 1765 3930 Neid
1812 3875 1928 3931 und
1974 3876 2078 3932 das
2118 3876 2501 3935 Uebelwollen
2548 3896 2649 3936 an-

387 3958 549 4014 derer
582 3956 820 4012 DIchter
853 3972 1036 4027 gegen
1071 3958 1187 4012 ihn.
1252 3955 1344 4013 SG
1376 3959 1463 4012 III
1497 3961 1616 4014 403.

530 4046 575 4098 1.
611 4043 756 4097 lives.
816 4041 897 4097 Zu
931 4043 1012 4098 VI
1048 4046 1132 4109 86,
1169 4048 1217 4100 6.

521 4131 569 4184 2.
605 4146 764 4199 verpe
789 4133 969 4199 poeta,
1011 4128 1172 4200 sapui-1.
1231 4129 1417 4186 Ueber
1464 4130 1557 4186 die
1600 4129 2047 4202 Wiederholung
2092 4133 2279 4190 dieser
2321 4134 2532 4192 Phrase
2578 4152 2649 4192 zu

386 4214 414 4268 I
451 4218 501 4278 7,
539 4218 588 4268 4.

522 4301 570 4354 8.
606 4299 946 4356 Anchialum.
1005 4300 1114 4356 Die
1150 4300 1363 4357 illoereu
1396 4301 1659 4358 Erkliirer
1694 4301 1935 4359 suchten
1969 4320 2095 4360 zum
2131 4303 2297 4360 Theil
2343 4306 2402 4360 in
2436 4305 2648 4362 diesem

386 4384 797 4442 rathselhaften
831 4387 998 4444 Wort
1032 4386 1157 4441 eine
1203 4386 1535 4444 hebriiische
1571 4386 2030 4456 Schwurformel‚
2077 4390 2184 4446 wie
2220 4390 2343 4447 Jos.
2379 4389 2648 4463 Scaliger,

485 4487 664 4531 narem
691 4488 750 4532 11.
2177 4498 2239 4547 14
