3192 5084
23 1435 99 1539 Η

545 387 663 450 178
1197 348 1218 390 '²
1349 376 1422 431 M.
1462 375 1676 432 venerii
1711 329 1983 430 Martialis

706 552 945 619 Ridere
989 556 1102 616 aut
1144 549 1358 614 violae
1403 555 1627 632 patere
1672 555 1956 632 possunt.

706 666 902 730 Fines
947 680 1088 727 mus
1133 662 1477 745 populatur
1520 665 1586 725 et
1630 659 1855 725 colono

606 834 614 840 .
708 778 1049 857 Tanquam
1092 790 1203 837 sus
1248 770 1646 855 Calydonius
1692 771 1968 848 timetur,

709 888 790 953 Et
833 884 977 952 subl
1023 851 1112 949 tii)
1135 883 1418 949 volantis
1463 838 1682 965 ussgue
1726 882 2016 965 Prognes

584 1007 663 1063 20
707 999 782 1062 In
826 995 980 1062 nido
1025 1013 1226 1079 seges.
1261 1002 1359 1060 est
1401 992 1844 1074 hirundinin03

707 1110 791 1173 Et
834 1127 978 1173 eum
1022 1113 1149 1173 stet
1192 1106 1333 1171 sine
1376 1104 1546 1170 faloe
1589 1103 2026 1187 mentumque,

705 1221 852 1286 Non
898 1225 997 1285 est
1040 1217 1196 1284 dimi
1248 1219 1308 1283 ’o
1354 1217 1534 1282 loeus
1577 1217 1831 1300 Priapo.

705 1333 834 1398 Vix
876 1330 1103 1414 implet
1148 1350 1181 1395 e
1258 1331 1426 1394 leam
1474 1334 1743 1412 peraeta
1785 1329 2016 1393 messis

707 1444 789 1509 Et
832 1447 1109 1507 mustum
1155 1459 1319 1506 nuee
1364 1438 1697 1505 condimus
1742 1380 2069 1524 picata‘f(

582 1563 660 1620 25
707 1554 972 1624 Errasti,
1018 1554 1225 1637 Lupe,
1274 1552 1491 1618 littera
1536 1550 1653 1617 sed
1698 1571 1853 1616 uua:

705 1667 873 1732 Nam
919 1685 1044 1748 quo
1091 1672 1376 1748 tempore
1404 1622 1758 1839 prgedium
1804 1660 2062 1740 dedisti,

704 1778 962 1844 Mallem
1009 1783 1079 1842 tu
1121 1775 1280 1840 mihi
1323 1795 1487 1858 pran
1556 1795 1665 1839 um
1712 1772 2028 1840 dedisses.
2235 1784 2262 1852 1
2299 1773 2369 1862 7
2412 1759 2488 1872 ἦ

1572 1946 1753 2009 ΧΙΧ.

708 2058 997 2139 Quaeris,
1046 2076 1159 2122 eur
1200 2056 1400 2122 nolim
1444 2063 1510 2122 te
1556 2056 1811 2138 dueere‚'
1860 2057 2095 2123 Galla?
2166 2058 2427 2123 Diserta
2472 2076 2563 2122 es.

792 2170 1007 2254 Saepe
1049 2168 1496 2234 soloeeismum
1540 2169 1831 2234 mentula
1875 2177 2094 2236 nostra
2137 2168 2317 2234 facit.
2369 2201 2409 2279 l
2436 2200 2676 2316 75-

1593 2341 1740 2404 XX.

709 2452 1009 2518 Caesaris
1053 2450 1330 2534 Augusti
1374 2450 1674 2531 laseivos‚
1720 2450 1940 2531 livide,
1989 2469 2216 2517 versus

795 2563 927 2630 Sex
971 2564 1136 2646 lege,
1186 2563 1297 2646 qui
1340 2563 1545 2628 tristis
1588 2562 1792 2628 verba
1837 2563 2041 2628 latina
2083 2563 2277 2646 legis:

720 2676 907 2746 Quod
922 2674 1146 2761 futuit
1195 2673 1573 2759 Glaphyran
1619 2675 1961 2750 Antonias,
2013 2674 2174 2738 hanc
2217 2673 2375 2739 mihi
2403 2695 2679 2757 poenam

793 2785 1028 2851 Fulvia
1070 2785 1411 2866 constituit,
1464 2808 1532 2850 se
1575 2808 1815 2870 quoque
1857 2786 1958 2850 ati
1979 2784 2276 2870 futuam.

639 2910 673 2963 5
721 2898 1014 2964 Fidviam
1057 2918 1166 2980 eqo
1209 2904 1283 2960 ut
1306 2895 1629 2981 futuam?
1676 2898 1831 2981 quid
1869 2898 1930 2961 si
1967 2919 2063 2961 me
2107 2897 2367 2962 Mania&
2409 2905 2563 2979 oret,

796 3010 1153 3090 Paedicem,
1187 2991 1445 3092 faciam
1462 3010 1497 3070 ,9
1542 3030 1667 3072 non
1697 3017 1885 3092 puto,
1935 3008 1998 3072 si
2036 3008 2303 3093 sapiam.

718 3127 877 3185 »Aut
903 3119 1121 3205 fatue,
1170 3128 1282 3183 aut
1315 3142 1693 3204 paynemus«
1739 3119 1853 3184 ait.
1945 3122 2135 3202 Quid,
2187 3120 2358 3205 quod
2396 3120 2555 3185 mihi
2593 3122 2724 3185 vita

806 3233 1032 3297 Carior
1076 3239 1170 3294 est
1212 3231 1353 3314 ipsa
1395 3232 1722 3296 mentula?
1793 3231 1995 3315 Siqua
2037 3238 2311 3296 canant!

710 3343 1013 3409 Absolvis
1057 3340 1308 3425 lepidos
1351 3342 1670 3422 nimirum,
1715 3342 2027 3426 Auguste,
2076 3342 2350 3424 libellos,

592 3464 664 3519 10
800 3454 925 3532 Qui
970 3454 1096 3518 seis
1142 3455 1432 3519 Romana
1475 3455 1891 3537 simplicitate
1936 3455 2134 3537 loqui.
2487 3464 2520 3531 Ι
2545 3467 2606 3534 ἐς
2632 3449 2764 3547 “5⁸

687 3663 766 3713 16.
811 3658 1028 3713 Ridere.
1087 3658 1369 3714 Bedentet
1389 3660 1524 3715 wol:
1563 3659 2165 3726 auseinauderklaffen‚
2201 3661 2308 3716 wie
2342 3661 2436 3717 bei
2472 3662 2653 3717 eiuem
2690 3678 2816 3717 zum

541 3746 772 3803 Lachen
815 3744 1137 3815 geoffneten
1183 3744 1410 3800 Mundo.
1471 3745 1632 3800 Dazu
1684 3746 1787 3802 hat
1834 3747 1960 3802 eine
2007 3747 2182 3848 BQ
2228 3748 2358 3803 dort
2403 3748 2566 3804 nieht
2611 3748 2810 3804 Raum.

540 3835 671 3890 Von
707 3833 836 3888 dem
869 3831 1251 3901 Feigeubaum
1286 3832 1364 3887 ist
1397 3831 1559 3886 nieht
1593 3832 1687 3888 die
1721 3833 1898 3888 Bede.

683 3918 835 3974 XIX.
871 3917 941 3972 Μ.
991 3921 1212 3975 ἤιιεεοη
1255 3918 1411 3973 seine
1462 3915 1810 3989 Abneigung
1861 3934 2048 3989 gegen
2091 3918 2346 3989 gelehrte
2394 3919 2615 3976 Frauen
2668 3920 2815 3975 auch

541 4007 600 4062 11
635 4008 719 4072 90,
756 4008 805 4060 9.

679 4089 788 4146 XX
849 4093 894 4144 1.
959 4089 1203 4145 Caesaris
1259 4090 1503 4158 Auqmti
1553 4119 1623 4128 —
1679 4107 1874 4143 versus.
1967 4089 2089 4146 Aus
2150 4091 2347 4147 seinen
2403 4092 2817 4162 Epigrammeu.

543 4176 762 4232 Teuffel
797 4175 951 4232 RLG
985 4178 1102 4241 220,
1140 4179 1190 4227 5.

682 4266 729 4314 5.
772 4261 1026 4316 Fulviam
1059 4279 1151 4333 eqo
1185 4265 1261 4313 ut.
1319 4259 1613 4316 Elisioneu
1660 4276 1776 4316 von
1819 4260 2044 4317 soloher
2089 4261 2262 4318 Har-te
2311 4263 2574 4319 kommeu
2616 4264 2710 4320 bei
2745 4265 2819 4319 M.

543 4347 725 4404 selbst
756 4347 918 4404 nieht
949 4363 1070 4403 vor.
1133 4345 1262 4416 Vgl.
1300 4345 1425 4402 Birt
1454 4346 1603 4401 Einl.
1644 4345 1698 4402 S.
1737 4351 1819 4412 36,
1858 4350 1907 4403 3.
