3192 5084
558 371 639 431 54
1374 365 1447 420 Μ.
1485 364 1700 420 Valerii
1734 364 2009 421 Martialis

729 539 905 605 »Non
935 544 1177 621 vacat«,
1226 544 1339 603 aut
1384 536 1694 617 »dormit«,
1739 536 1979 603 dietum
2025 543 2125 603 est
2163 537 2266 603 bis
2296 543 2522 621 terque
2552 559 2837 608 reverso.

817 650 957 716 Iam
1001 650 1161 717 satis
1206 655 1331 715 est:
1380 668 1508 715 non
1551 649 1674 729 vis,
1718 647 1899 732 Afer,
1947 647 2217 715 havere:
2266 650 2434 715 vale.

1600 897 1774 964 vm.

740 1036 1078 1118 Tanquam
1124 1055 1330 1119 parva
1372 1033 1538 1101 foret
1581 1052 1778 1100 sexus
1821 1034 2061 1100 iniuria
2105 1037 2302 1102 nostri

819 1144 1204 1212 Foedandos
1249 1144 1489 1230 populo
1532 1146 1937 1230 prostituisse
1980 1164 2210 1228 mares,

737 1258 876 1324 Iam
922 1276 1128 1324 ennae
1170 1257 1422 1324 lenonis
1465 1264 1666 1338 erant,
1715 1264 1786 1324 ut
1827 1256 1911 1322 ab
1958 1257 2154 1324 ubere
2199 1268 2422 1345 raptus

622 1353 633 1363 ’
825 1367 1104 1435 Sordida
1146 1368 1370 1453 vagitu
1413 1375 1707 1454 posceret
1750 1388 1907 1435 aera
1948 1388 2133 1455 puer:

661 1488 695 1543 5
740 1481 1093 1547 Immatura
1138 1478 1382 1546 dabant
1425 1478 1731 1547 infandas
1776 1500 2042 1566 corpora
2084 1501 2348 1566 poenas.

824 1592 971 1657 Non
1013 1593 1162 1659 tulit
1202 1592 1528 1658 Ausonius
1574 1593 1734 1658 talia
1777 1599 2064 1659 monstra
2106 1600 2310 1678 pater,

738 1703 921 1770 Idem
966 1704 1076 1787 qui
1117 1705 1358 1771 teneris
1403 1724 1607 1790 nuper
1650 1705 1964 1770 snoourrit
2006 1704 2294 1789 ephebis,

827 1815 928 1880 Ne
971 1813 1214 1882 faeeret
1258 1815 1512 1882 steriles
1557 1834 1758 1882 saeva
1799 1814 2002 1882 libido
2046 1817 2241 1883 viros.

642 1954 645 1957 “
739 1927 1046 1992 Dilexere
1090 1927 1270 2012 prius
1314 1927 1497 2010 pueri
1540 1927 1940 2010 iuvenesque
1985 1945 2321 2012 senesque,

619 2045 692 2100 10
822 2038 908 2105 At
951 2057 1123 2103 nuno
1166 2036 1447 2104 infantes
1494 2044 1557 2104 te
1604 2058 1883 2121 quoqne,
1932 2039 2190 2121 Caesar,
2239 2049 2478 2108 amant.

1637 2287 1751 2352 IX.

742 2420 854 2487 Nil
900 2422 1017 2487 tibi
1062 2422 1307 2507 legavit
1348 2422 1613 2504 Fabius,
1658 2418 2019 2508 Bithynice,
2066 2426 2170 2491 oui
2212 2432 2286 2492 tu

826 2533 1079 2614 Annua,
1127 2533 1184 2599 si
1227 2534 1511 2617 memini,
1559 2535 1744 2601 milia
1786 2554 1947 2601 sena
1990 2534 2219 2604 dabas.

743 2645 898 2710 Plus
942 2644 1104 2710 nulli
1149 2642 1330 2710 dedit
1371 2645 1511 2710 ille:
1559 2646 1762 2728 queri,
1809 2646 2170 2733 Bithynice,
2219 2651 2376 2715 noli:

825 2756 1061 2822 Annua
1104 2755 1352 2841 legavit
1394 2756 1578 2822 milia
1621 2776 1782 2823 sena
1823 2758 1960 2826 tibi.

709 3002 817 3058 VH
852 3007 900 3059 4.
973 3004 1091 3059 Wie
1123 3004 1199 3058 im
1244 3006 1379 3060 Text
1416 3006 1567 3073 (doch
1602 3011 1783 3073 avere)
1818 3009 2014 3071 QmScr
2081 3007 2223 3065 Afer
2257 3026 2373 3066 non
2407 3011 2496 3069 vis
2532 3013 2741 3073 habere
2779 3020 2844 3074 R

569 3087 640 3143 A.
677 3105 730 3144 n.
768 3106 824 3144 v.
863 3089 1073 3145 havere
1095 3092 1211 3146 Ao
1262 3106 1429 3147 avere
1466 3093 1653 3154 §Sclm
1720 3092 1861 3150 Afer
1895 3110 2009 3150 non
2046 3095 2133 3150 ius
2171 3110 2339 3151 avere
2375 3097 2435 3151 F
2495 3097 2638 3157 Afer
2671 3105 2846 3162 novis

574 3174 757 3239 (nobis
793 3175 935 3237 EX)
979 3175 1185 3232 habere
1220 3178 1348 3232 EX
1352 3180 1420 3231 G.

706 3276 847 3331 VIII
883 3279 932 3332 3.
1001 3294 1181 3334 ennae
1226 3280 1547 3337 TEAGFO
1577 3282 1718 3337 Sclm
1826 3284 2007 3348 (culae
2043 3285 2317 3343 naenonis
2355 3288 2436 3352 X)
2545 3293 2738 3348 onneti
2785 3297 2841 3349 G·

573 3378 742 3418 curae
778 3363 921 3430 ‘BQm
944 3362 1058 3415 Ser.

712 3583 848 3639 VIII
884 3586 932 3637 3.
968 3583 1138 3654 Verg.
1166 3583 1236 3639 A.
1261 3585 1344 3642 VI
1370 3591 1471 3644 428
1507 3597 1566 3646 et
1602 3590 1674 3647 ab
1708 3591 1881 3648 ubere
1913 3598 2138 3661 raptum
2161 3593 2271 3649 VII
2293 3597 2394 3649 483
2432 3596 2502 3653 ab
2528 3612 2586 3653 u.
2612 3604 2843 3669 raptum

569 3668 731 3725 ovid.
768 3669 831 3724 F.
865 3669 947 3725 IV
983 3672 1083 3724 459
1118 3671 1191 3728 ab
1225 3689 1280 3729 u.
1317 3680 1499 3744 rapto.
1569 3679 1618 3730 9.
1655 3677 1784 3747 Vgl.
1822 3694 1892 3733 zu
1926 3678 1954 3732 I
1994 3681 2039 3745 3,
2079 3683 2126 3734 5.

709 3892 1014 4049 {1122pi
1049 3893 1267 4037 Ιιξιιῗὲιι
1304 3983 1409 4040 aas
1444 3983 1664 4042 νοῶσι
1698 3985 1798 4041 der
1831 3985 2249 4058 Entmannung.
2312 3988 2394 4046 zn
2427 3988 2509 4044 1x
2543 3994 2592 4057 o,
2629 3994 2678 4046 3.

709 4067 758 4119 9.
818 4063 1130 4136 iuvenesque
1162 4085 1423 4138 senesque.
1488 4070 1570 4126 Zn
1606 4070 1635 4125 1
1671 4072 1719 4135 3,
1763 4074 1810 4127 5.

709 4166 794 4222 IX
832 4169 876 4221 1.
919 4168 1217 4240 Bithynico.
1263 4171 1374 4227 Ein
1395 4172 1845 4240 Erbsehleieheiz
1882 4175 1983 4231 der
2016 4172 2109 4232 fflr
2126 4175 2462 4236 Gesehenke
2483 4196 2573 4236 nn
2607 4181 2843 4251 Fabius,

570 4254 632 4309 in
668 4254 768 4311 der
800 4252 1091 4326 Hoffnnng
1126 4271 1241 4312 von
1274 4256 1391 4312 ihm
1425 4257 1501 4312 im
1538 4257 1866 4317 Testament
1898 4260 2150 4320 bedaeht
2184 4279 2256 4321 zu
2289 4265 2544 4332 werden,
2584 4265 2840 4338 jiihrlieh

575 4342 711 4392 6000
750 4337 1046 4396 Sesterzen
1081 4342 1444 4412 ansgegeben
1478 4343 1654 4400 hatte.
1714 4343 1806 4401 SG
1839 4346 1867 4400 Ι
1902 4350 2019 4417 369,
2056 4349 2103 4402 2.
