3192 5084
530 351 613 415 80
1347 349 1420 402 M.
1459 347 1672 403 Valerii
1707 349 1982 406 Martialis

791 523 962 586 Dum
1009 520 1256 587 Stellae
1300 518 1544 601 turdos,
1596 519 1749 586 dum
1794 521 1932 601 tibi,
1979 522 2231 603 FIacce,
2280 544 2459 609 paro,

706 633 1031 699 Succurrit
1075 632 1260 698 nobis
1303 633 1534 716 ingens
1580 651 1978 715 onerosaque
2021 634 2230 715 turba,

788 746 866 809 In
911 764 1040 827 qua
1083 763 1155 810 se
1198 745 1475 827 primum
1520 745 1796 827 quisque
1839 764 2182 829 meumque
2225 755 2428 831 putat.

622 864 654 918 5
703 856 1117 921 Demeruisse
1161 854 1324 921 duos
1367 862 1586 922 votum
1634 863 1759 934 cst3
1807 855 2135 923 offendere
2177 861 2395 942 plures

786 967 912 1032 Vix
955 974 1196 1045 tutum;
1246 968 1466 1032 multis
1510 969 1765 1033 mittere
1809 966 1980 1033 dona
2022 988 2222 1052 grave
2267 978 2387 1037 est.

703 1076 847 1154 Qua
890 1096 1151 1161 possum
1196 1078 1337 1143 sola
1380 1079 1638 1142 veniam
1682 1079 1932 1144 ratione
1976 1064 2296 1146 merebor:

786 1190 924 1261 Nec
969 1188 1213 1255 Stellae
1255 1189 1477 1255 turdos
1523 1209 1643 1254 nec
1684 1189 1827 1273 tibi,
1882 1191 2135 1271 Flacce,
2182 1191 2373 1259 dabo.

1582 1387 1751 1451 LVI.

700 1495 1202 1581 Spendophorus
1245 1497 1527 1581 Libycas
1573 1495 1814 1563 domini
1859 1500 2021 1584 petit
2065 1501 2346 1584 armiger
2389 1501 2608 1567 urbes:

789 1606 971 1685 Quae
1014 1628 1214 1692 puero
1261 1608 1461 1675 dones
1507 1609 1663 1689 tela,
1712 1609 1987 1694 Cupide,
2036 1631 2216 1695 para,

696 1719 824 1784 Illa
867 1718 1104 1801 quibus
1148 1721 1416 1786 iuvenes
1460 1719 1608 1804 figis
1653 1721 2012 1804 mollesque
2055 1725 2338 1807 puellas:

784 1829 881 1895 Sit
925 1837 1145 1896 tamen
1187 1832 1257 1896 in
1302 1839 1527 1897 tenera
1568 1833 1734 1897 levis
1780 1839 1845 1897 et
1888 1833 2080 1899 hasta
2122 1855 2336 1899 manu.

615 1949 648 2003 5
696 1942 990 2007 Loricam
1037 1943 1468 2026 clypeumque
1513 1943 1632 2007 tibi
1676 1942 2065 2026 galeamque
2109 1948 2394 2026 remitto;

781 2053 988 2118 Tutus
1035 2060 1106 2118 ut
1149 2052 1420 2121 invadat
1462 2054 1728 2137 proelia,
1777 2053 1988 2120 nudus
2034 2063 2168 2121 eat:

698 2165 843 2229 Non
885 2166 1123 2244 iaculo,
1173 2185 1300 2230 non
1345 2184 1501 2230 ense
1544 2165 1668 2230 fuit
1710 2165 2013 2231 laesusve
2058 2168 2322 2250 sagitta,

780 2274 1052 2341 Casside
1098 2274 1249 2341 dum
1295 2276 1461 2342 liber
1503 2276 2031 2361 Parthenopaeus
2078 2286 2234 2343 erat.

695 2384 1005 2468 Quisquis
1051 2387 1134 2452 ab
1180 2386 1302 2452 hoc
1348 2387 1543 2453 fuerit
1586 2386 1778 2469 fixus,
1827 2390 2131 2454 morietur
2176 2410 2412 2456 amore.

574 2505 645 2561 10
779 2496 833 2563 Ο
877 2497 1056 2579 felix,
1105 2499 1162 2563 si
1207 2518 1397 2581 quem
1443 2507 1574 2564 tam
1621 2498 1790 2563 bona
1834 2498 1972 2565 fata
2016 2505 2301 2567 manent!

691 2610 863 2674 Dum
906 2630 1070 2694 puer
1113 2629 1204 2690 es,
1250 2610 1501 2690 redeas,
1549 2609 1703 2676 dum
1747 2611 1932 2676 vultu
1977 2612 2282 2693 lubricus,
2331 2621 2396 2680 et
2439 2623 2505 2679 te

779 2722 926 2786 Non
972 2721 1180 2805 Libye
1224 2721 1442 2802 faciat,
1490 2722 1609 2787 sed
1652 2729 1767 2787 tua
1810 2724 2015 2788 Roma
2060 2726 2288 2790 virum.

658 2934 757 2991 LV
778 2926 839 2989 ’3.
901 2935 1191 2993 Succurrit
1238 2938 1489 2999 TQEFm
1529 2938 1702 2990 Schn¹
1738 2937 1983 2992 Gabar-ss
2008 2956 2074 3008 p.
2113 2946 2215 2995 215
2321 2940 2577 2998 Occurrit
2612 2962 2649 3014 φ
2693 2943 2790 3009 (ed.

523 3023 765 3088 Ferrar.)
801 3023 942 3076 Sclm
953 3023 991 3077 ².

664 3201 780 3263 (LV
815 3208 861 3254 5.
918 3202 1087 3259 Cons.
1125 3203 1200 3258 ad
1235 3202 1358 3258 Liv.
1404 3204 1501 3255 132
1537 3204 1702 3270 potui
1739 3203 2083 3259 demeruisse
2119 3203 2305 3267 duos).

659 3386 707 3436 2.
780 3384 991 3437 Stellae.
1064 3383 1147 3437 Zu
1179 3381 1209 3435 Ῑ
1245 3383 1328 3434 61.

656 3469 864 3523 Flacco.
939 3467 1021 3522 Zu
1057 3467 1139 3522 IV
1174 3468 1259 3531 42,
1298 3469 1346 3519 2.

654 3557 704 3609 3.
772 3553 1084 3608 Succurrit:
1120 3554 1182 3607 iu
1217 3558 1458 3607 mentem
1494 3552 1668 3607 venit.
1729 3552 1962 3608 Gilbert.

654 3641 702 3693 8.
772 3639 881 3694 Die
916 3637 1364 3707 Wiederholung
1398 3654 1513 3693 von
1547 3653 1604 3692 v.
1640 3638 1670 3688 2
1705 3638 1765 3691 in
1801 3636 2021 3695 Catulls
2057 3639 2285 3695 Manier.
2355 3640 2437 3697 Zu
2472 3642 2529 3696 11
2553 3645 2636 3709 41,
2673 3646 2725 3697 3.
2756 3647 2789 3697 4

516 3744 569 3782 u.
607 3726 665 3780 11
701 3728 750 3791 6,
789 3728 869 3779 17.

652 3812 780 3868 LVI
819 3814 864 3864 l.
929 3809 1135 3865 dmnini
1152 3839 1222 3848 —
1256 3808 1520 3879 armiqer:
1558 3808 1645 3863 als
1680 3807 2094 3880 Waffentrager
2142 3812 2327 3868 seinos
2371 3812 2581 3879 Herrn,
2628 3814 2788 3870 eines

515 3899 663 3955 nach
698 3896 903 3954 Afrika
938 3896 1237 3968 gehenden
1272 3894 1545 3950 Officiers.
1606 3893 1689 3949 Ob
1725 3894 1780 3949 X
1815 3896 1898 3961 83,
1939 3899 1968 3948 7
2007 3896 2266 3953 dersolbe
2301 3899 2551 3968 gemeint
2582 3899 2675 3962 ist,
2710 3900 2792 3955 ist

521 3985 1180 4131 fraghlfhlsermuthlieh,
1217 4062 1396 4121 damit
1432 4080 1492 4120 er
1526 4081 1671 4133 ganz
1707 4066 1813 4121 wie
1849 4065 2319 4138 Parthenopaeus
2355 4070 2662 4126 erscheine.

654 4161 702 4212 8.
773 4155 904 4211 Von
962 4155 1063 4210 der
1120 4151 1436 4208 Schonheit
1492 4151 1595 4207 des
1653 4150 2124 4220 Parthenopaeus
2182 4155 2258 4209 ist
2316 4154 2405 4210 oft
2463 4155 2554 4210 die
2610 4154 2787 4210 Rede.

516 4244 726 4300 Preller
779 4242 887 4298 GM
919 4242 979 4295 11
1014 4241 1134 4306 360,
1171 4240 1203 4292 2
1238 4237 1384 4294 Stat.
1444 4236 1498 4292 S.
1541 4237 1599 4291 11
1633 4240 1686 4303 6,
1741 4240 1808 4290 42
1865 4239 2052 4307 qualis
2103 4239 2238 4296 belli
2286 4241 2444 4303 (liber
2479 4239 2788 4303 Baehrens)

513 4330 624 4384 iam
661 4328 887 4384 casside
921 4327 1095 4382 missa
1131 4324 1602 4393 Parthenopaeus
1639 4329 1773 4378 erat.
