3192 5084
539 394 658 457 172
1344 386 1416 441 M.
1451 367 1665 442 Valerii
1701 385 1975 442 Martialis

710 561 981 627 »Caesar
1023 561 1089 624 in
1134 559 1458 625 Albanum
1501 559 1694 624 iussit
1737 578 1842 623 me
1885 577 2075 623 mane
2120 559 2361 636 venire,

795 672 1040 738 Caesar
1083 671 1414 737 Circeios«
1488 671 1629 735 Iam
1675 669 1940 755 stropha
1984 670 2134 735 talis
2180 671 2335 737 abit.

632 793 665 848 5
712 783 1085 867 Penelopae
1131 782 1285 848 licet
1329 801 1476 848 esse
1516 780 1638 848 tibi
1684 781 1804 847 sub
1851 780 2143 866 principe
2188 783 2424 848 Nerva:

799 893 932 961 Sed
976 894 1274 979 prohibet
1316 892 1573 959 scabies
1617 893 2078 977 ingeniumque
2123 900 2332 959 vetus.

708 1006 965 1086 Infelix,
1014 1004 1172 1088 quid
1216 1008 1415 1089 ages?
1457 1024 1723 1088 aegram
1769 1004 2104 1070 simulabis
2151 1007 2467 1074 amicam?

798 1116 1112 1183 Haerebit
1155 1115 1454 1183 dominae
1497 1117 1597 1182 vir
1641 1135 1855 1182 comes
1898 1117 2042 1200 ipse
2084 1134 2267 1199 suae,

717 1229 844 1295 Ibit
888 1235 955 1294 et
998 1227 1084 1293 ad
1127 1227 1390 1293 fratrem
1434 1234 1647 1293 tecum
1691 1234 2091 1312 matremque
2133 1234 2531 1313 patremque.

599 1349 667 1404 10
799 1338 977 1417 Quas
1021 1339 1219 1422 igitur
1261 1338 1526 1404 fraudes
1569 1340 1910 1422 ingeniosa
1954 1343 2191 1424 paras?

720 1452 981 1517 Diceret
1023 1449 1417 1535 hystericam
1462 1468 1534 1515 se
1576 1449 1849 1516 forsitan
1893 1452 2101 1517 altera
2144 1451 2413 1517 moecha

802 1563 880 1627 In
925 1562 1320 1628 Sinuessano
1363 1561 1538 1627 velle
1579 1560 1812 1627 sedere
1855 1563 2022 1628 lacu.

722 1674 976 1753 Quanto
1021 1680 1092 1739 tu
1135 1673 1387 1754 melius,
1442 1674 1740 1756 quotiens
1783 1675 1999 1757 placet
2043 1675 2139 1739 ire
2181 1675 2483 1750 fututum,

805 1784 990 1863 Quae
1033 1804 1257 1850 verum
1301 1784 1510 1851 mavis
1555 1783 1792 1864 dicere,
1840 1786 2065 1865 Paula,
2111 1787 2273 1852 viro!
2442 1806 2602 1918 5²&

1595 1921 1768 1985 VIII.

720 2035 940 2118 Lapsa
983 2032 1156 2117 quod
1201 2034 1484 2099 externis
1530 2033 1780 2118 spirant
1822 2033 2242 2118 opobalsama
2285 2035 2542 2114 truncis,

685 2115 708 2228 Ῑ
809 2144 1055 2212 Ultima
1099 2143 1273 2227 quod
1317 2164 1511 2210 curvo
1556 2163 1726 2228 quae
1770 2143 1944 2211 eadit
1990 2164 2150 2210 aura
2193 2165 2405 2222 croco;

720 2258 922 2322 Poma
964 2253 1136 2339 quod
1181 2249 1471 2321 hiberna*
1494 2256 1998 2346 maturescentia
2041 2219 2267 2341 gapsass

807 2367 1054 2433 Arbore
1099 2365 1271 2451 quod
1315 2386 1517 2469 vggna
1559 2366 1852 2433 luxurios
1900 2385 1931 2432 s
1977 2387 2160 2451 ager;

644 2488 677 2543 5
727 2480 826 2545 De
867 2449 1183 2546 ffiatinis
1231 2478 1528 2576 dom-ipae
1573 2478 1747 2562 quod
1793 2478 1838 2544 S
1939 2497 2018 2544 ea
2036 2480 2281 2581 ὣς,

689 2625 798 2679 VII
832 2628 884 2677 4.
948 2624 1068 2680 abit
1100 2622 1312 2676 Gilbert
1390 2622 1511 2679 abit
1546 2624 1687 2677 Solen
1762 2626 1839 2677 11.
1876 2624 2109 2679 Diceret
2145 2624 2242 2693 5130
2310 2623 2479 2680 Dicet
2513 2628 2572 2680 et
2599 2625 2821 2680 PEFm.

690 2710 828 2765 VIII
868 2712 909 2761 1.
948 2711 1140 2779 Lapsa
1171 2711 1250 2770 Ος
1273 2709 1446 2773 (nicht
1472 2711 1549 2771 Q)
1607 2709 1790 2766 Lassa
1831 2710 2202 2773 TQEFmSer
2258 2710 2519 2776 externIs]
2544 2711 2827 2766 haesterni

554 2798 664 2850 ΕΑ
711 2795 956 2852 aesterni
981 2797 1044 2849 X
1090 2795 1337 2850 hesterni
1372 2796 1812 2860 WCFOVScr
1870 2797 2149 2854 hesternis
2171 2800 2411 2866 (pyrant)
2447 2797 2499 2850 P
2549 2796 2825 2854 hesternis

554 2900 688 2936 corr.
714 2881 962 2937 externis
1000 2883 1048 2943 Q
1128 2879 1346 2936 externi
1372 2902 1414 2934 ω
1473 2882 1690 2937 truncis
1716 2884 1764 2944 Q
1792 2882 1931 2936 Sclm
2000 2880 2195 2936 dranci
2243 2881 2443 2936 TEFm
2466 2883 2565 2935 Ser
2637 2885 2682 2937 5.
2719 2883 2825 2938 do-

554 2968 737 3023 minae
775 2967 979 3030 QEFm
1015 2967 1230 3021 domini
1275 2968 1335 3021 T.

697 3086 807 3141 VII
845 3088 894 3139 3.
935 3087 1206 3140 Albanum
1240 3115 1310 3125 —
1346 3089 1394 3139 4.
1443 3087 1690 3143 Circeios.
1749 3087 1831 3143 Zu
1866 3087 1918 3142 V
1949 3089 1993 3153 1,
2028 3089 2049 3138 1
2078 3103 2135 3142 11.
2166 3091 2211 3140 5.

694 3177 742 3226 4.
779 3172 908 3225 abit.
966 3171 1048 3226 Zn
1084 3170 1162 3240 Sp
1205 3173 1283 3236 16,
1324 3174 1369 3226 1.
1648 3175 1697 3224 5.
1741 3175 2049 3242 Penelopae.
2108 3171 2190 3227 Zu
2225 3171 2252 3225 1
2290 3174 2373 3237 62,
2412 3176 2460 3227 5.

697 3260 746 3309 6.
784 3255 997 3311 scabies.
1055 3255 1137 3310 Zu
1171 3255 1254 3310 VI
1291 3259 1372 3323 37,
1411 3261 1458 3310 4.

697 3344 775 3393 11.
812 3340 942 3412 Vgl.
978 3341 1061 3395 XI
1100 3343 1193 3406 71,
1235 3344 1256 3393 1
1298 3341 1654 3413 Hystericam
1689 3343 1884 3399 vetulo
1922 3358 1984 3398 se
2028 3342 2249 3399 dixerat
2294 3358 2421 3400 esse
2456 3344 2673 3399 marito.
2737 3342 2827 3398 SG

558 3429 584 3482 1
623 3429 742 3491 303,
780 3429 826 3478 7.

696 3514 774 3566 12.
813 3513 887 3565 In
929 3511 1250 3567 Sinuessano
1294 3543 1363 3553 -—
1416 3516 1551 3568 lacu.
1626 3513 1756 3583 Vgl.
1813 3513 2015 3587 Strabo
2059 3513 2113 3569 V
2153 3530 2210 3583 p.
2267 3516 2366 3569 234
2411 3514 2549 3570 Tac.
2591 3515 2657 3568 H.
2701 3515 2727 3570 1
2767 3517 2830 3568 72

559 3598 701 3652 Plin.
744 3596 814 3651 N.
856 3597 912 3651 h.
951 3597 1146 3652 XXXI
1181 3600 1230 3653 8.

700 3682 859 3738 VIII.
902 3683 1031 3754 Vgl.
1068 3683 1155 3738 III
1191 3687 1273 3738 65.

698 3771 749 3823 2.
789 3786 951 3822 curvo
972 3798 1041 3808 —
1066 3787 1233 3824 eroco.
1270 3769 1400 3826 Von
1424 3769 1537 3825 den
1558 3768 2056 3842 knrvenfflrmigen
2080 3769 2357 3835 Strahlen,
2383 3770 2443 3824 in
2466 3769 2680 3825 welche
2706 3770 2830 3826 sich

560 3856 652 3911 die
700 3854 775 3909 im
823 3852 1070 3911 Theater
1115 3862 1458 3927 gesprengte
1506 3853 1920 3913 Crocusessenz
1968 3872 2179 3926 ergoss.
2240 3856 2323 3910 III
2359 3857 2441 3920 65,
2481 3857 2510 3907 2
2548 3854 2711 3921 Quod
2759 3856 2832 3911 de

561 3941 807 4013 Corycio
850 3956 997 4011 quae
1043 3943 1203 3998 venit
1247 3958 1385 3998 aura
1429 3943 1627 4006 crooo;
1680 3941 1794 4012 vgl.
1832 3941 1916 3995 IX
1954 3944 2034 4006 38,
2073 3944 2123 3995 5.
2188 3939 2358 3997 Cadit
2404 3957 2541 3997 aura
2582 3941 2659 3997 ist
2705 3942 2830 3997 eine

521 4069 534 4082 .
558 4026 1020 4098 Naehlflssigkeit
1054 4028 1157 4084 des
1183 4025 1520 4083 Ansdrucks
1546 4026 1782 4092 (Gilbert
1805 4043 1861 4096 p.
1875 4029 1940 4093 3),
1966 4028 2043 4082 da
2064 4026 2336 4083 vielmehr
2371 4042 2485 4082 von
2521 4026 2647 4081 dem
2671 4026 2832 4082 Falle

561 4113 662 4169 der
693 4111 1126 4183 Safrantropfen
1170 4114 1264 4169 die
1297 4112 1458 4168 Rode
1506 4113 1607 4178 ist,
1654 4113 1871 4169 welche
1917 4113 2069 4169 dann
2114 4113 2227 4169 den
2271 4112 2559 4169 stiirksten
2606 4111 2829 4168 Geruch

560 4198 897 4255 verbreiten.
1213 4202 1261 4252 4.
1308 4199 1521 4253 Arbore
1554 4229 1625 4239 —
1660 4217 1853 4253 verna.-
1891 4198 2522 4279 blflhQiiumen.

699 4287 745 4336 5.
786 4282 1068 4338 Palatinis.
1127 4283 1209 4338 Zu
1243 4283 1271 4337 I
1310 4287 1390 4349 70,
1430 4286 1478 4340 5.
1696 4283 1951 4339 dominae.
2010 4284 2125 4340 Der
2158 4283 2439 4340 Kaiserin.
2504 4282 2690 4340 Ueber
2736 4284 2830 4340 die

560 4367 1026 4438 Aufbewahrung
1060 4368 1160 4423 der
1193 4367 1426 4425 Kleider
1458 4369 1519 4425 in
1553 4369 1795 4477 PQ
1830 4385 1900 4426 zu
1935 4369 1993 4424 II
2030 4373 2112 4435 46,
2138 4346 2321 4425 Γ
