3192 5084
1012 414 1473 486 Epigrammaton
1496 415 1665 473 Liber
1695 415 1749 470 X
1781 415 1876 482 (X2
1912 418 2057 474 editt
2079 420 2179 484 98).
2610 426 2723 488 131

634 523 913 655 Indgssit
957 585 1118 654 deus
1163 594 1228 654 et
1271 536 1524 673 pffiegit
1567 546 1801 655 annos!

637 698 691 766 Ο
735 719 865 765 nox
908 700 1116 765 omnis
1160 705 1226 765 et
1268 698 1446 779 hora,
1494 719 1663 782 quae
1707 707 1929 767 notata
1972 707 2071 768 est

555 819 591 875 5
641 811 824 877 Caris
867 810 1074 878 litoris
1118 808 1327 877 Indici
1369 811 1643 896 lapillis!

640 922 694 989 Ο
740 941 909 1006 quae
951 921 1219 1006 proelia,
1268 942 1433 1007 quas
1477 924 1799 1007 utrimque
1842 943 2095 1009 pugnas

642 1033 830 1157 Felix
874 1034 1148 1101 lectulus
1194 1040 1259 1101 et
1373 1053 1568 1101 cerna
1612 1034 1774 1103 vidit

561 1147 570 1158 ‘
638 1145 890 1212 Nimbis
935 1145 1118 1216 ebria
1158 1145 1619 1214 Nicerotianis!

578 1309 586 1316 .
641 1257 878 1323 Vixisti
920 1256 1147 1340 tribus,
1199 1278 1236 1325 o
1283 1258 1542 1338 Calene,
1592 1258 1842 1325 lustris:

522 1376 596 1433 10
642 1367 841 1435 Aetas
885 1368 1051 1436 haec
1093 1368 1212 1435 tibi
1257 1376 1393 1436 tota
1436 1375 1843 1455 computatur

645 1480 728 1545 Et
771 1481 940 1547 solos
983 1500 1285 1548 numeras
1329 1480 1469 1548 dies
1514 1483 1751 1548 mariti.

621 1590 749 1688 ⁸En
792 1591 924 1658 illis
968 1591 1086 1657 tibi
1131 1593 1188 1658 si
1232 1591 1343 1659 diu
1387 1600 1681 1679 rogatam

647 1704 884 1769 Lucem
929 1701 1228 1771 redderet
1269 1704 1545 1789 Atropos
1588 1705 1696 1773 vel
1739 1726 1958 1788 unam,

648 1813 895 1895 Malles,
943 1835 1138 1899 quam
1181 1816 1436 1901 Pyliam
1480 1823 1711 1901 quater
1755 1823 2099 1885 senectam.
2173 1827 2239 1909 «ἦ
2257 1830 2417 1917 a&

1457 1955 1864 2055 xxxmss

569 2173 584 2200 ἱ
654 2106 936 2173 Consule
978 2114 1044 2173 te
1086 2107 1283 2174 Bruto
1332 2106 1503 2192 quod
1547 2109 1748 2194 iuras,
1798 2109 2053 2190 Lesbia,
2100 2116 2338 2190 natam,

738 2218 1053 2304 Mentiris.
1131 2220 1306 2287 Nata
1348 2239 1443 2305 es,
1492 2220 1751 2301 Lesbia,
1799 2241 1955 2306 rege
1998 2221 2253 2287 Numa?

654 2328 764 2395 Sic
805 2350 1061 2415 quoque
1104 2332 1412 2397 mentiris.
1488 2332 1806 2416 Namque,
1854 2339 1925 2399 ut
1969 2338 2084 2399 tua
2126 2335 2389 2401 saecula
2431 2334 2624 2414 noris,

739 2441 926 2508 Ficta
968 2442 1349 2510 Ptometheo
1396 2442 1632 2510 diceris
1678 2440 1841 2511 esse'
1865 2445 2021 2512 luto.
2167 2471 2172 2475 ·
2256 2455 2489 2550 ‘370

1541 2624 1677 2690 XL.

661 2749 931 2835 Semper
975 2769 1118 2818 cum
1160 2751 1320 2818 mihi
1366 2751 1687 2820 diceretur
1731 2772 1876 2820 esse

660 2860 920 2929 Secreto
964 2881 1111 2929 mea
1153 2864 1339 2930 Polla
1384 2882 1527 2930 cum
1572 2862 1861 2945 cinaede,

664 2973 906 3058 Inrupi,
956 2976 1154 3059 Lupe.
1230 2976 1375 3042 Non
1422 2982 1560 3041 erat
1604 2975 1931 3042 cinaedus.
1990 2982 2049 3059 1,
2076 2961 2152 3056 ’7
2171 2958 2252 3060 ᾖ

628 3178 872 3234 xxxlx
911 3182 953 3233 1.
990 3180 1144 3252 quod
1189 3180 1351 3247 Tem
1377 3182 1517 3236 sam
1576 3139 1715 3251 quid
1751 3181 1909 3235 EFm
1939 3181 2039 3235 Sor
2110 3182 2158 3234 3.
2193 3180 2347 3237 noris
2386 3181 2487 3235 Sor
2520 3181 2756 3236 Semia-

491 3265 586 3320 dor
653 3281 843 3323 narres
880 3267 1113 3323 EXAO
1177 3269 1276 3339 qui
1309 3273 1348 3323 t.
1385 3284 1432 3324 s.
1471 3273 1702 3323 narrant
1740 3267 1901 3329 PQF
1963 3272 2028 3322 ut
2062 3272 2102 3322 t.
2139 3282 2184 3323 s.
2219 3272 2471 3322 narrant-
2494 3267 2545 3321 T
2566 3268 2720 3322 δώῃ.

633 3436 932 3493 XXXVIII
966 3440 1013 3492 8.
1061 3438 1144 3495 Zu
1178 3439 1262 3496 VI
1298 3442 1381 3504 55,
1420 3441 1469 3495 3.
1542 3444 1546 3448 ’

633 3629 681 3680 4.
717 3629 766 3680 5.
801 3625 883 3682 Zu
918 3626 1057 3682 VIII
1092 3631 1176 3689 45,
1214 3631 1263 3683 2.

634 3714 682 3765 5.
718 3710 800 3765 Zu
835 3711 862 3765 1
902 3714 1014 3779 109,
1052 3717 1102 3767 4.

636 3799 684 3851 8.
723 3797 1103 3854 Nicerotianis.
1141 3798 1223 3855 Zu
1258 3799 1341 3854 VI
1377 3802 1458 3864 55,
1496 3801 1545 3854 3.

635 3885 686 3936 9.
740 3883 953 3938 Vixisti.
990 3885 1072 3939 Zu
1106 3884 1133 3939 Ι
1173 3888 1253 3950 15,
1290 3889 1341 3939 4.

637 3970 718 4022 10.
763 3968 937 4027 Diese
983 3969 1107 4026 Zeit
1157 3972 1422 4028 rechnest
1465 3972 1544 4027 du
1591 3971 1678 4026 dir
1723 3986 1871 4041 ganz
1920 3970 2004 4027 als
2055 3972 2178 4028 eine
2221 3972 2297 4027 im
2331 3971 2561 4027 wahren
2596 3968 2769 4026 Sinne

500 4054 602 4111 des
638 4053 829 4112 Worts
865 4056 1091 4127 gelebte
1127 4074 1215 4115 an.

641 4143 723 4196 14.
778 4144 992 4214 Pyliam
1027 4149 1216 4214 quater
1248 4149 1510 4199 senectam
1547 4166 1611 4189 ==
1647 4141 1787 4198 VIII
1822 4145 1870 4208 2,
1909 4146 1955 4195 7.

636 4227 885 4283 XXXIX
926 4232 969 4282 1.
1022 4230 1243 4285 Consule
1291 4259 1363 4270 -
1405 4230 1585 4284 Bruto
1627 4259 1698 4268 —
1742 4233 1937 4284 natam.
1993 4227 2076 4283 XI
2112 4231 2194 4292 44,
2218 4231 2257 4280 -1
2315 4233 2373 4283 et
2415 4225 2593 4282 Bruto
2632 4242 2772 4282 con-

503 4313 626 4370 sule
660 4319 849 4370 natus.

639 4398 737 4452 XL
773 4402 822 4453 3.
866 4400 1035 4469 Lupo.
1076 4399 1158 4454 Zu
1191 4399 1244 4455 V
1283 4402 1365 4464 56,
1411 4403 1456 4453 ι.

2284 4503 2359 4556 9*
