3192 5084
779 386 1242 457 Epigrammaton
1275 385 1444 441 Liber
1478 383 1560 437 XI
1605 384 1768 449 (edirt
1801 383 2110 440 December
2145 385 2253 448 96).
2514 388 2631 450 177

552 558 684 624 Sed
727 578 837 624 rus
884 565 984 624 est
1026 558 1184 623 mihi
1228 559 1438 623 maius
1483 558 1550 621 in
1593 556 1896 623 fenestra.

552 671 685 735 Rus
724 635 850 735 ‘li-o}
893 668 1129 749 dicere,
1175 688 1284 733 rus
1329 676 1513 753 potes
1558 672 1834 734 vocare?

555 783 632 847 In
677 801 802 865 quo
846 789 993 846 ruta
1035 780 1192 846 facit
1236 799 1462 846 nemus
1507 780 1780 860 Dianae,

341 975 424 995 .-
472 902 505 957 5
555 894 843 977 Argutae
888 893 1051 975 tegit
1094 891 1204 958 ala
1248 890 1419 974 quod
1464 890 1748 972 cicadae,

555 1003 739 1082 Quod
780 1004 1050 1070 formica
1091 1002 1200 1069 die
1244 1001 1522 1069 comedit
1564 1023 1717 1085 unc,

557 1116 794 1181 Clusae
837 1118 941 1181 cui
983 1115 1210 1181 folium
1253 1133 1440 1180 rosae
1484 1072 1723 1209 cordua
1767 1120 1896 1194 est3

557 1228 633 1292 In
677 1247 802 1310 quo
848 1247 975 1292 non
1004 1191 1228 1310 bra—gis
1273 1227 1599 1291 invenitur
1641 1226 1861 1304 herba,

559 1337 778 1433 Quam
813 1338 1026 1404 Cosmi
1069 1338 1297 1404 folium
1340 1339 1608 1422 piperve
1654 1296 1954 1435 Offifflum

441 1459 512 1512 10
560 1451 634 1514 In
661 1429 806 1532 ‘ouo
850 1469 971 1515 nec
1015 1450 1298 1514 cucumis
1341 1450 1553 1514 iacere
1597 1456 1830 1529 rectus,

557 1562 693 1627 Nec
737 1579 1006 1644 serpens
1050 1560 1347 1626 habitare
1392 1568 1529 1625 tota
1571 1560 1796 1643 possit.

562 1673 842 1780 HQ
884 1674 1056 1737 male
1099 1673 1310 1755 pascit
1351 1671 1574 1744 hortus
1614 1692 1827 1752 unam,

560 1784 732 1853 Coirs
791 1783 796 1788 ’
836 1775 949 1869 pto
992 1785 1261 1849 moritur
1303 1784 1476 1848 culix
1521 1744 1808 1864 salicto}l

507 1987 518 1996 .
559 1897 641 1961 Et
684 1897 776 1961 tal
823 1916 864 1961 a
909 1902 1008 2024 eet
1050 1893 1207 1960 mihi
1251 1894 1458 1961 fossor
1502 1902 1699 1978 atque
1743 1902 1982 1960 arator.

442 2015 514 2070 15
557 2008 705 2073 Non
749 2007 1001 2073 boletus
1045 2006 1245 2087 hiare,
1292 2026 1419 2072 non
1465 2008 1781 2096 mQae

386 2239 394 2250 ⁸
525 2179 720 2233 XVIII
759 2181 839 2231 11.
896 2179 1098 2248 possit.
1144 2178 1388 2233 altbert*
1424 2196 1482 2248 p.
1530 2186 1632 2233 218
1703 2179 1904 2247 possit,
1945 2180 2083 2233 28¹ch
2159 2182 2236 2233 12.
2277 2180 2521 2237 Urucam
2556 2184 2661 2236 TE

400 2265 608 2320 Giffierc
676 2266 916 2320 Erucam
953 2264 1112 2327 QFO
1137 2264 1278 2317 Sclm
1353 2268 1430 2317 15.
1471 2264 1763 2330 mariscae]
1800 2265 2007 2320 aristae
2053 2265 2300 2320 Gilbert⁴
2333 2283 2391 2335 p.
2434 2270 2549 2323 218.

527 2420 720 2476 XVIII
759 2423 841 2474 10.
918 2419 1089 2474 Probi
1126 2417 1346 2474 Cathol.
1389 2419 1418 2472 I
1454 2421 1519 2472 46
1563 2418 1677 2482 <GL
1715 2418 1798 2473 IV
1835 2421 1919 2480 24,
1961 2422 2042 2482 32)
2086 2420 2360 2478 Martialis
2399 2438 2524 2478 cum
2559 2439 2657 2494 ge-

395 2522 527 2563 nere
565 2520 933 2572 ,cucumerem
971 2507 1219 2560 rectum‘.
1452 2509 1460 2518 ⁰

529 2665 576 2716 2.-
613 2679 707 2714 rus
739 2690 809 2699 —
844 2660 900 2714 in
934 2663 1199 2732 fenestra.
1259 2659 1402 2714 Plin.
1449 2659 1516 2714 N.
1552 2660 1609 2714 h.
1657 2659 1796 2714 XIX
1846 2662 1910 2711 59
1956 2659 2075 2715 Iam
2122 2662 2183 2715 in
2228 2660 2494 2718 fenestris
2540 2665 2659 2720 suis

394 2747 557 2816 plebs
593 2747 810 2802 urbana
843 2746 904 2800 in
938 2746 1182 2815 imagine
1233 2746 1521 2801 hortorum
1573 2745 1863 2801 cotidiana
1910 2747 2093 2802 oculis
2128 2763 2259 2803 rura
2293 2749 2660 2818 praebebant,

394 2841 695 2902 antequam
747 2830 984 2901 praefigi
1037 2837 1379 2901 prospectus
1435 2832 1616 2886 omnis
1670 2831 1862 2900 coegit
1913 2833 2288 2888 multitudinis
2339 2835 2662 2891 innumerae

394 2935 566 2975 saeva
600 2918 981 2974 latrocinatio.
1055 2917 1219 2973 Doch
1257 2934 1372 2973 war
1408 2917 1501 2972 die
1526 2916 1941 2982 Unsicherheit,
1977 2917 2193 2974 welche
2228 2920 2288 2974 in
2311 2920 2660 2989 Vespasians

393 3005 515 3060 Zeit
549 3005 640 3060 die
674 3003 1149 3073 Verschliessung
1196 3005 1295 3059 der
1328 3004 1567 3059 Fenster
1615 3001 2040 3072 herbeigefiihrt
2091 3004 2266 3071 hatte,
2314 3006 2520 3074 gewiss
2556 3023 2663 3062 nur

393 3092 518 3147 eine
552 3089 1051 3159 vorfibergehende
1095 3105 1359 3159 gewesen
1400 3087 1507 3155 (SG
1540 3088 1569 3142 1
1607 3091 1689 3155 24,
1731 3091 1793 3154 1),
1837 3089 1955 3144 und
2002 3089 2095 3145 die
2130 3090 2566 3183 Fenstergiirten
2600 3093 2663 3148 in

395 3177 495 3232 der
529 3176 665 3241 Zeit‚
702 3191 791 3230 wo
826 3175 897 3230 M.
934 3176 1173 3241 schrieb,
1211 3176 1420 3230 wieder
1453 3174 1827 3243 gewuhnlich.

528 3265 580 3314 4.
619 3279 800 3315 nemus
822 3260 1067 3315 Dianae.-
1105 3261 1211 3317 wie
1247 3261 1353 3317 das
1389 3278 1460 3316 zu
1493 3260 1708 3317 Aricia.
1771 3260 1985 3317 Preller
2019 3261 2128 3316 ΒΜ
2164 3262 2192 3315 1
2228 3265 2517 3318 314-316.

531 3351 581 3400 7.
624 3365 834 3401 corona.
903 3348 1072 3403 Kann
1116 3348 1237 3402 hier
1279 3346 1606 3416 unmoglich
1654 3347 1764 3402 den
1812 3348 1899 3403 als
1940 3346 2491 3419 Abgrenzungslinie
2539 3350 2665 3406 die-

394 3434 633 3500 nenden,
671 3432 946 3488 erhtihten
980 3433 1147 3488 Rand
1184 3433 1284 3488 der
1314 3431 1542 3488 Aecker
1573 3431 1733 3498 (Cato
1769 3434 1836 3487 R.
1861 3450 1906 3489 r.
1938 3436 1986 3500 6,
2007 3437 2036 3487 3
2073 3435 2329 3491 Frontin.
2371 3436 2442 3491 de
2479 3436 2663 3492 colon.

400 3523 494 3572 114
532 3537 583 3575 u.
625 3522 716 3571 131
769 3517 919 3574 Goes
968 3517 1256 3585 [Gromatt.
1314 3522 1429 3584 217,
1479 3521 1532 3584 ¹3
1580 3521 1699 3585 218,
1736 3521 1807 3586 3])
1860 3521 2172 3586 bedenten‚
2218 3522 2465 3577 sondern
2511 3538 2665 3579 muss

399 3603 545 3664 (falls
580 3620 641 3660 es
675 3605 839 3660 nicht
873 3604 1187 3660 verdorben
1209 3605 1300 3671 ist)
1339 3606 1465 3660 eine
1491 3606 1701 3661 andere
1728 3605 2057 3661 technische
2082 3605 2422 3675 Bedeutung
2457 3609 2662 3670 haben,

395 3697 565 3746 etwa:
607 3690 816 3745 rundes
852 3689 1222 3746 Blumenbeet
1242 3696 1323 3756 (so
1360 3690 1508 3746 auch
1546 3690 1806 3756 Gilbert).

534 3779 581 3829 9.
627 3776 817 3831 Cosmi.
854 3775 934 3830 za
969 3776 997 3829 1
1021 3779 1103 3842 87,
1129 3779 1175 3829 2.

522 3861 745 3933 solium.
806 3859 938 3917 Wol
974 3862 1067 3916 die
1087 3862 1335 3941 ΜΨ,
1387 3879 1490 3919 aus
1538 3863 1728 3918 denen
1779 3863 1871 3918 die
1907 3862 2168 3918 foliatum
2206 3863 2305 3938 (XI
2342 3866 2424 3929 27,
2461 3865 2493 3914 9
2527 3863 2667 3919 XIV

401 3949 514 4012 110,
551 3950 601 4009 2}
641 3953 924 4016 genannte
957 3947 1171 4003 Essenz
1214 3947 1555 4018 (Marqnardt
1597 3948 1708 4003 Prl.
1747 3952 1842 4003 767
1882 3949 2026 4003 Plin.
2063 3948 2128 4004 N.
2167 3949 2220 4002 h.
2269 3947 2410 4002 XIII
2451 3951 2530 4013 15)
2569 3949 2664 4005 be·
2713 3946 2716 3950 ’

395 4033 560 4089 reitet
603 4033 814 4088 wnrde.
877 4033 1103 4089 Ebenso
1148 4032 1286 4087 XIV
1338 4036 1451 4099 146,
1492 4036 1513 4085 1
1557 4033 1779 4104 Tingue
1829 4040 2005 4103 caput
2049 4032 2236 4090 Cosmi
2285 4033 2443 4100 folio,
2490 4035 2666 4089 cervi-

397 4118 488 4173 cal
525 4117 717 4174 olebit.
1419 4111 1424 4117 ’

539 4207 616 4258 12.
677 4205 941 4258 Urucam.-
1067 4221 1106 4259 u
1148 4220 1195 4260 e.
1255 4205 1332 4261 So
1369 4202 1457 4260 oft
1490 4205 1584 4261 bei
1620 4206 1764 4261 Plin.
1800 4205 1866 4262 N.
1905 4208 1960 4262 h.
2035 4205 2271 4262 Gilbert.

539 4293 615 4343 13.
673 4287 860 4345 Ueber
910 4290 1001 4345 die
1092 4290 1478 4347 chiidlichkeit
1525 4292 1627 4347 der
1676 4292 1891 4347 culices
1937 4291 2029 4347 fiir
2062 4292 2286 4374 ‘Bliume
2329 4291 2472 4346 Plin.
2508 4291 2574 4347 N.
2613 4293 2665 4348 h.

399 4374 564 4430 XVII
601 4377 718 4429 231.

505 4475 684 4518 martial
710 4477 770 4519 11.
2195 4484 2215 4534 ι
2225 4484 2256 4534 2
