3192 5084
810 386 1275 456 Epigrammaton
1307 384 1476 440 Liber
1498 382 1580 438 XI
1620 384 1789 450 (edirt
1810 383 2122 440 December
2146 386 2212 436 96
2219 395 2251 448 J.
2539 388 2651 450 191

647 560 885 642 Iugera
927 556 1190 624 facundi
1236 557 1346 640 qui
1393 556 1722 622 Ciceronis
1768 554 1982 620 habet.

565 669 888 737 Heredem
933 668 1387 751 dominumque
1432 669 1533 734 sui
1578 667 1893 732 tumulive
1936 666 2179 731 larisve

650 783 797 848 Non
841 781 1041 847 alium
1084 780 1311 845 mallet
1354 799 1473 844 nec
1515 780 1697 844 Maro
1741 798 1860 843 nec
1906 779 2152 844 Cicero.
2268 774 2516 882 985

1405 895 1922 987 xmxsteff

563 1032 701 1097 Iam
745 1049 945 1115 prope
989 1029 1279 1096 desertos
1325 1030 1574 1093 cineres
1622 1033 1687 1092 et
1730 1033 1957 1092 sancta
1999 1027 2282 1092 Maronis

649 1143 926 1207 Nomina
972 1142 1081 1224 qui
1128 1141 1385 1214 coleret,
1434 1158 1684 1223 pauper
1730 1144 1795 1204 et
1840 1157 2005 1203 unus
2051 1145 2207 1203 erat.

564 1254 761 1319 Silius
807 1260 848 1332 †
892 1259 1155 1337 optatae
1200 1270 1569 1317 succurrere
1615 1251 1864 1316 censuit
1909 1250 2190 1327 umbrae,

653 1364 853 1430 Silius
900 1371 965 1430 et
1009 1370 1223 1429 vatem
1268 1382 1396 1428 non
1438 1363 1644 1428 minor
1686 1362 1852 1445 ipse,
1901 1361 2071 1428 colit.

1488 1486 1658 1577 1,.γῦ
1681 1487 1824 1595 qq

564 1612 766 1677 Nulla
810 1619 910 1677 est
951 1610 1111 1676 hora
1154 1610 1274 1676 tibi
1318 1630 1448 1692 qua
1492 1629 1620 1675 non
1663 1629 1786 1689 me,
1832 1608 2067 1692 Phylli,
2114 1609 2433 1675 furentem

656 1722 1030 1806 Despolies:
1080 1729 1262 1788 tanta
1306 1721 1664 1788 calliditate
1709 1722 1904 1805 rapis.

567 1835 758 1900 Nunc
803 1834 1015 1918 plorat
1056 1833 1321 1917 speculo
1364 1832 1571 1898 fallax
1617 1833 1858 1899 ancilla
1900 1832 2144 1910 relict0,

654 1947 927 2012 Gemma
971 1945 1077 2010 vel
1123 1965 1165 2010 a
1209 1943 1411 2028 digito
1457 1944 1564 2010 vel
1610 1943 1786 2010 cadit
1830 1965 1987 2010 aure
2030 1944 2230 2029 lapis;

486 2066 521 2121 5
565 2023 753 2123 Nunc
796 2057 1039 2123 furtiva
1080 2057 1243 2122 lucri
1287 2056 1427 2122 fieri
1473 2051 1712 2157 bombx‘
1714 2057 1862 2121 cina
1904 2028 2245 2252 posssmt'!

653 2168 981 2234 Profertur
1026 2168 1241 2234 Cosmi
1287 2188 1457 2233 nunc
1498 2168 1657 2234 mihi
1704 2170 1914 2233 siccus
1960 2187 2042 2233 on
2090 2190 2161 2248 x3

1934 2263 2043 2294 μ...-
2072 2273 2091 2284 ..

536 2343 720 2398 XLIX
756 2341 921 2412 (fehlt
958 2340 1015 2394 in
1043 2343 1118 2404 Q)
1189 2343 1236 2394 3.
1274 2345 1508 2408 optatae
1545 2340 1680 2393 codd
1699 2340 1866 2404 (EF)
1934 2338 2199 2394 Andinae
2238 2342 2363 2394 Hm
2433 2339 2665 2396 orbatae

411 2428 698 2483 ORibbeck
724 2427 891 2481 Pron.
919 2427 991 2479 ad
1026 2426 1220 2496 Veryil.
1237 2443 1297 2494 p.
1328 2433 1425 2481 123
1451 2426 1558 2489 (ed.
1589 2425 1765 2479 minor
1791 2443 1851 2494 p.
1878 2430 1972 2489 29)
2033 2441 2102 2480 en
2128 2432 2323 2481 tantae
2366 2430 2416 2488 (ο
2452 2429 2663 2490 tantae)

412 2513 655 2568 Gabar-t*
680 2531 740 2582 p.
780 2519 879 2566 219
979 2514 1028 2564 4.
1066 2528 1182 2567 non
1217 2512 1398 2566 minor
1431 2511 1557 2579 ipse
1596 2511 1738 2567 colit
1774 2512 1898 2563 Hm
1936 2511 2130 2573 (Filius
2167 2527 2238 2566 en
2271 2517 2459 2566 vatem
2493 2527 2552 2565 n.
2591 2528 2663 2565 m.

398 2599 435 2654 i.
474 2603 536 2664 c.)
563 2596 785 2667 Lipsius
812 2599 911 2651 Ser
978 2613 1094 2652 non
1129 2597 1312 2653 minus
1348 2597 1474 2666 ipse
1511 2597 1646 2652 tulit
1680 2597 1814 2650 codd
1844 2598 2010 2661 (EF)
2038 2598 2179 2650 Solen
2248 2596 2426 2652 Filius
2464 2603 2529 2652 ut
2563 2614 2666 2652 va-

401 2691 513 2741 tem
548 2700 662 2739 non
697 2683 877 2738 minor
910 2683 1035 2752 ipse
1079 2682 1220 2738 colit
1257 2683 1495 2736 Ribbeck
1530 2684 1564 2736 l.
1604 2684 1637 2735 l.

2203 1406 2461 1530 ‘²³67

401 2836 606 2878 wesen.
669 2819 841 2877 Silius
891 2820 1127 2876 Italicus
1162 2820 1362 2876 besass
1398 2819 1723 2875 ausserdem
1760 2817 1886 2872 eine
1931 2818 2030 2872 der
2065 2817 2256 2873 Villen
2292 2817 2540 2876 Ciceros.
2579 2821 2667 2875 De

400 2908 570 2964 Rossi
619 2907 720 2966 (La
765 2906 906 2961 villa
952 2906 1010 2961 di
1060 2905 1199 2961 Silio
1248 2904 1454 2960 Italico
1503 2905 1575 2959 ed
1610 2903 1653 2958 il
1691 2902 1936 2973 collegio
1985 2903 2232 2958 salutare
2275 2904 2367 2959 nel
2416 2904 2668 2961 Tusculo

406 2993 573 3061 [Bull.
613 3009 759 3047 mun.
798 2993 850 3047 d.
887 2993 1073 3047 Roma
1113 2993 1243 3044 1882
1279 3008 1336 3060 p.
1379 2993 1468 3044 141
1500 2990 1603 3055 1113)
1640 2989 1960 3044 vermuthet
2006 2990 2153 3044 nach
2203 2989 2356 3044 einer
2391 2990 2483 3046 bei
2520 2990 2666 3047 Tus·

403 3081 590 3136 culum
625 3077 986 3149 gefundenen
1019 3076 1294 3134 Inschrist
1341 3079 1427 3142 5D.
1454 3094 1525 3130 m.
1561 3075 1570 3144 Ι
1603 3073 1894 3131 crescenti
1924 3074 1934 3145 Ι
1965 3073 2069 3130 Sili
2106 3075 2293 3131 Italici
2325 3076 2334 3145 Ι
2367 3076 2669 3146 collegium

403 3166 704 3222 salutarem
738 3195 807 3203 —
843 3166 956 3231 sol,
1005 3164 1098 3219 die
1145 3164 1294 3218 nach
1340 3164 1441 3218 der
1489 3162 1657 3218 Form
1693 3163 1794 3217 der
1837 3161 2207 3217 Buchstaben
2253 3161 2387 3217 eber
2422 3161 2527 3217 auf
2556 3163 2671 3217 den

402 3251 554 3308 Sohn
590 3252 693 3306 des
728 3249 901 3306 Silius
950 3266 1020 3305 zu
1055 3249 1329 3306 beziehen
1363 3250 1462 3314 ist,
1511 3249 1648 3304 dass
1693 3246 1866 3303 Silius
1902 3247 2138 3303 Italicus
2176 3245 2406 3303 Ciceros
2444 3246 2669 3304 Tuscu-

405 3338 594 3393 lanum
628 3337 842 3393 besass.
890 3335 1109 3391 Teuffel
1133 3334 1286 3391 RLG
1311 3337 1472 3397 320‚1
1517 3334 1678 3390 hatte
1715 3350 1790 3388 an
1825 3334 2033 3389 dessen
2057 3331 2368 3389 Cumanum
2403 3334 2668 3404 gedacht,

400 3423 606 3479 Nissen
641 3422 766 3477 Ital.
803 3421 1222 3477 Landeskunde
1259 3421 1286 3475 1
1322 3424 1439 3486 330,
1480 3424 1502 3473 1
1545 3437 1620 3476 an
1655 3420 1777 3476 sein
1814 3419 2131 3476 Vaterhaus
2167 3420 2260 3475 bei
2297 3419 2589 3490 Arpinum.

541 3511 588 3560 4.
648 3507 775 3576 Vgl.
813 3507 922 3561 VII
957 3509 1040 3572 63,
1079 3511 1127 3560 5.
1168 3510 1218 3560 6.

537 3592 722 3647 XLIX
756 3596 805 3645 4.
861 3593 1010 3648 volit.
1064 3593 1212 3648 Plin.
1252 3593 1401 3662 Epp.
1440 3593 1524 3647 111
1562 3597 1609 3658 7,
1649 3596 1680 3647 8
1726 3599 1855 3661 sagt
1896 3608 2013 3647 von
2057 3593 2169 3647 den
2204 3591 2397 3648 Villen
2443 3595 2545 3649 des
2582 3592 2671 3648 Si-

402 3680 537 3736 lius:
580 3679 813 3735 multum
848 3679 1057 3750 ubique
1093 3679 1360 3736 librorum
1374 3723 1387 3746 ,
1426 3680 1660 3735 multum
1697 3684 2035 3744 statuarum,
2080 3679 2314 3734 multum
2349 3680 2671 3749 imaginum,

405 3782 547 3837 quas
580 3782 695 3820 non
730 3765 978 3822 habebat
1013 3767 1183 3821 modo
1219 3780 1413 3821 verum
1439 3766 1611 3821 etiam
1632 3764 2027 3830 venerabatur,
2055 3763 2272 3835 Vergili
2304 3772 2436 3822 ante
2463 3767 2671 3828 omnes,

408 3852 571 3923 cujus
607 3851 853 3908 natalem
889 3851 1212 3921 religiosius
1249 3868 1418 3923 quam
1452 3867 1616 3908 suum
1654 3850 1993 3916 celebrabat,
2018 3850 2258 3920 Neapoli
2297 3853 2549 3917 maxime,
2576 3851 2672 3907 ubi

405 3938 804 3994 monimentum
841 3936 966 4006 ejus
1002 3937 1157 3993 adire
1192 3943 1258 3992 ut
1292 3937 1562 4006 templum
1600 3936 1839 3993 solebat.

540 4024 586 4078 L
627 4027 670 4076 1.
707 4026 1005 4095 furentem.
1052 4025 1240 4080 Wenn
1263 4024 1357 4079 ich
1382 4020 1879 4080 leidenschaftlich
1905 4030 2091 4092 erregt
2112 4022 2226 4079 bin.
2270 4021 2459 4078 Horat.
2488 4022 2671 4090 Epod.

409 4112 488 4176 11,
525 4113 556 4163 6
594 4125 662 4166 ex
697 4125 812 4179 quo
849 4109 1044 4165 destiti
1079 4109 1315 4165 Inachia
1349 4107 1549 4164 furere.

539 4200 587 4250 5.
645 4195 717 4251 D.
759 4196 812 4251 h.
873 4195 1206 4265 gestohlene
1242 4195 1346 4251 Flo
1376 4194 1530 4257 kleid
1639 4194 1867 4249 konnen
1911 4194 2122 4264 gerade
2166 4191 2536 4249 vortheilhaft
2571 4209 2672 4262 ge-

405 4280 569 4338 kauft
603 4283 845 4338 werden.
1350 4210 1592 4358 M
1625 4256 2262 4438 W)

541 4372 589 4421 6.
656 4368 846 4424 Cosmi.
909 4368 991 4423 Zu
1025 4367 1052 4421 1
1089 4371 1169 4432 87,
1206 4371 1257 4420 2.
1572 4385 1637 4420 οη
1676 4385 1726 4421 x.
1789 4366 1869 4421 Zu
1904 4366 2013 4422 VII
2050 4369 2132 4432 94,
2174 4368 2219 4419 1.

2758 4209 2784 4384 ῐ
