3192 5084
923 394 1388 465 Epigrammaton
1421 394 1590 451 Liber
1626 393 1764 449 VIII
1805 395 1970 461 (editt
2006 397 2111 458 93).
2566 402 2644 463 21

559 568 784 653 Captet
827 555 1098 635 forsitan
1141 574 1254 634 aut
1296 568 1504 634 vieem
1551 575 1871 652 tepeseat:

554 680 640 745 At
681 679 738 743 si
780 680 926 761 quis
970 678 1128 745 dare
1172 679 1411 745 nomini
1456 679 1681 745 relieto

469 800 506 854 5
553 793 706 857 Post
748 808 971 856 manes
1017 790 1461 872 tumulumque
1505 797 1895 875 perseverat,

553 900 823 980 Quaerit
866 899 1039 985 quid,
1089 901 1215 965 nisi
1259 902 1518 986 parcius
1564 901 1825 968 dolere‘?

553 1012 774 1080 Refert
815 1014 907 1079 sis
951 1013 1174 1093 bonus,
1222 1032 1307 1077 an
1350 1013 1517 1079 velis
1562 1012 1788 1080 videri.

552 1126 856 1191 Praestas
901 1125 1039 1201 hoo,
1086 1124 1330 1204 Melior,
1380 1125 1624 1191 sciente
1671 1125 1861 1205 fama,

550 1234 677 1314 Qui
721 1235 1141 1302 sollemnibus
1185 1237 1418 1302 anxius
1463 1237 1699 1322 sepulti

438 1357 512 1412 ιο
559 1349 811 1414 Nomen
855 1367 981 1414 non
1025 1348 1185 1414 sinis
1230 1348 1490 1415 interire
1534 1348 1779 1431 Blaesi,

556 1461 640 1525 Et
684 1458 766 1525 de
809 1458 1113 1525 munifiea
1152 1458 1453 1543 profusus
1499 1479 1651 1525 area

557 1570 661 1636 Ad
706 1571 1080 1636 natalicium
1124 1568 1297 1636 diem
1339 1569 1679 1637 colendum

554 1682 924 1749 Scribarum
967 1683 1231 1748 memori
1274 1683 1553 1767 piaeque
1597 1682 1826 1750 turbae

554 1793 741 1873 Quod
786 1793 1007 1874 donas,
1054 1794 1217 1860 faois
1262 1794 1404 1879 ipse
1449 1794 1888 1861 Blaesianum.

436 1915 507 1994 15
553 1907 693 1972 Hoo
734 1907 998 1990 longum
1042 1905 1183 1987 tibi,
1234 1905 1371 1971 vita
1413 1904 1566 1971 dum
1610 1906 1912 1985 manebit,

500 2022 509 2027 “
553 2019 691 2084 Hoe
733 2024 800 2085 et
841 2024 987 2102 post
1031 2018 1279 2083 eineres
1324 2018 1445 2083 erit
1488 2017 1818 2083 tributum.

1361 2180 1671 2246 XXXIX.

554 2292 682 2372 Qui
722 2293 1065 2359 Palatinae
1109 2298 1371 2377 eaperet
1414 2293 1712 2359 convivia
1756 2310 2019 2359 mensae

638 2405 1141 2488 Ambrosiasque
1187 2404 1414 2488 dapes,
1464 2424 1593 2469 non
1638 2410 1778 2470 erat
1821 2412 1973 2470 ante
2015 2406 2221 2471 loeus:

552 2518 675 2583 Hie
717 2517 978 2583 haurire
1022 2515 1209 2583 deeet
1250 2535 1522 2595 saerum,
1572 2515 1971 2591 Germanioe.
2021 2524 2242 2583 neotar

636 2629 721 2694 Et
765 2627 1188 2712 Ganymedea
1229 2628 1465 2713 poeula
1508 2628 1714 2692 mixta
1757 2648 1969 2693 manu.

468 2749 505 2803 5
552 2740 714 2806 Esse
757 2740 939 2819 velis,
987 2759 1115 2819 oro,
1163 2758 1345 2806 serus
1390 2740 1665 2805 eonviva
1707 2739 2049 2805 Tonantis:

636 2853 724 2917 At
766 2858 837 2918 tu
881 2852 935 2917 si
981 2870 1307 2936 properas,
1355 2851 1664 2936 Iuppiter,
1710 2852 1854 2935 ipse
1898 2852 2069 2916 veni.

1436 3006 1577 3071 XL.

555 3118 702 3183 Non
745 3118 912 3184 horti
956 3136 1168 3200 neque
1213 3117 1498 3201 palmitis
1541 3117 1743 3198 beati,

554 3228 687 3296 Sed
730 3230 861 3295 rari
904 3230 1203 3312 nemoris,
1254 3230 1511 3313 Priape,
1561 3235 1800 3311 eustos,

552 3341 652 3405 Ex
698 3360 825 3422 quo
868 3347 1060 3407 natus
1106 3360 1177 3406 es
1222 3347 1287 3407 et
1330 3348 1514 3425 potes
1556 3341 1827 3418 renasei,

586 3510 830 3566 XXXIX
869 3514 913 3564 1.
973 3510 1179 3568 Tibull.
1217 3512 1305 3566 111
1340 3514 1391 3577 6,
1434 3514 1498 3565 59
1546 3510 1710 3567 ovid.
1751 3510 1821 3566 Μ.
1860 3511 1886 3564 Ι
1929 3513 2023 3564 165
2083 3510 2191 3566 XII
2227 3514 2326 3566 222
2375 3513 2492 3571 Ibis
2542 3518 2637 3569 431

380 3598 645 3653 convivia
680 3612 919 3653 mensae.
962 3597 1219 3667 Propert.
1242 3597 1324 3653 ΠΙ
1355 3599 1402 3663 8,
1424 3601 1454 3649 5
1490 3597 1663 3665 plena
1685 3626 1756 3636 —
1781 3597 2046 3653 convivia
2083 3612 2290 3655 mensa.
2362 3603 2409 3653 4.
2436 3599 2644 3657 Tibull.

386 3683 467 3738 111
506 3687 551 3748 5,
589 3685 656 3736 34
691 3683 897 3753 poeula
932 3683 1107 3739 mixta
1143 3697 1312 3739 mero.
1388 3687 1436 3736 5.
1475 3683 1669 3738 Horat.
1707 3681 1769 3737 C.
1806 3683 1834 3737 I
1871 3684 1952 3748 28,
1991 3687 2020 3734 7
2060 3684 2304 3739 conviva
2340 3684 2589 3745 deorum.

524 3858 607 3909 15.
649 3857 788 3910 Hoc.
849 3856 964 3912 Der
997 3855 1184 3911 Ruhm
1221 3855 1322 3911 der
1357 3854 1585 3911 wahren
1621 3855 1825 3925 pietas.
1897 3858 2124 3927 longum.
2171 3856 2250 3911 Zu
2287 3856 2314 3910 1
2351 3860 2433 3921 31,
2473 3861 2518 3911 7.

524 3944 604 3997 16.
639 3946 769 4012 poet
810 3941 1008 3995 eineres
1043 3964 1108 3988 -·--
1145 3941 1259 4007 11,
1295 3943 1342 3995 6.

517 4025 776 4082 XXXIX.
826 4026 954 4083 Den
988 4027 1370 4098 ungeheuern,
1410 4026 1811 4096 praohtvollen
1835 4025 2160 4096 Speisesaal
2191 4029 2251 4084 iu
2276 4028 2404 4084 dem
2428 4028 2647 4084 damals

378 4112 743 4170 vollendeten
776 4113 972 4169 Palast
1009 4111 1165 4179 (VIII
1201 4115 1283 4178 36)
1321 4112 1596 4170 sohildert
1632 4113 1780 4169 auoh
1817 4112 1962 4169 Stat.
2004 4112 2058 4168 S.
2096 4112 2178 4168 IV
2213 4116 2260 4168 2.

519 4202 563 4254 1.
603 4201 653 4251 2.
702 4200 982 4255 Palatinae
1014 4229 1084 4239 —
1118 4217 1326 4254 mensae
1360 4199 1481 4254 und
1516 4199 1811 4254 ambrosiae
1846 4200 2007 4269 dapes
2043 4199 2189 4256 auch
2214 4197 2357 4253 XIII
2383 4201 2467 4251 91.
2525 4199 2647 4257 Das

382 4286 614 4342 letztere
651 4283 813 4342 oster.
873 4285 953 4341 Zn
988 4285 1071 4341 IV
1107 4289 1152 4351 8,
1193 4289 1240 4340 8.

519 4374 567 4425 3.
611 4376 810 4427 nectar.
872 4372 952 4428 ΖΠ
987 4370 1069 4427 IV
1103 4374 1152 4436 8,
1189 4374 1237 4425 9.
