3192 5084
732 1316 835 1399 M.
892 1315 1189 1398 Valerii
1240 1267 1639 1398 Martialis
1687 1315 2322 1418 Epigrammaton

1318 1524 1510 1587 Liber
1552 1524 1733 1589 vm.

360 1703 870 1786 Imperatori
946 1701 1398 1767 Domitiano
1486 1702 1816 1767 Caesari
1890 1702 2250 1785 Augusto
2326 1702 2663 1770 Germa-

754 1814 929 1878 nico
984 1814 1284 1878 Dacico
1338 1813 1718 1878 Valerius
1761 1814 2180 1879 Martialis
2227 1813 2292 1879 S.

650 1985 889 2051 Omnes
935 1984 1196 2067 quidem
1238 1984 1447 2050 libelli
1492 1986 1645 2068 mei,
1695 1984 1970 2066 domine,
2026 1986 2262 2069 quibus
2294 1996 2363 2052 tu
2398 1986 2658 2066 famam,

550 2096 633 2163 id
677 2104 776 2162 est
820 2098 1044 2175 vitam,
1094 2095 1361 2176 dedisti,
1410 2097 1529 2162 tibi
1573 2098 1972 2181 supplicant;
2023 2106 2114 2175 et,
2164 2106 2351 2182 puto,
2401 2106 2663 2183 propter

556 2209 686 2273 hoc
749 2208 1063 2292 legentur.
1167 2209 1291 2272 Hic
1346 2216 1588 2290 tamen,
1660 2211 1770 2291 qui
1839 2211 2053 2293 operis
2117 2211 2319 2276 nostri
2393 2218 2661 2277 octavus

556 2321 944 2399 inscribitur,
994 2320 1328 2385 occasione
1374 2322 1636 2405 pietatis
1681 2320 2083 2404 frequentius
2127 2322 2379 2387 fruitur.
2445 2324 2660 2388 Minus

461 2444 503 2496 5
556 2435 780 2515 itaque
826 2432 1084 2515 ingenio
1129 2431 1555 2497 laborandum
1600 2432 1738 2513 fuit,
1786 2435 1855 2497 in
1900 2433 2083 2498 cuius
2128 2434 2340 2498 locum
2384 2436 2658 2500 materia

558 2551 983 2610 successerat:
1035 2563 1228 2626 quam
1273 2543 1535 2627 quidem
1581 2538 1857 2609 subinde
1903 2544 2126 2628 aliqua
2153 2545 2440 2610 iocorum
2485 2547 2655 2610 mix-

555 2664 705 2721 tura
748 2656 1001 2720 variare
1044 2657 1533 2738 temptavimus,
1582 2675 1666 2720 ne
1712 2656 1978 2721 caelesti
2023 2655 2456 2722 verecundiae
2502 2664 2654 2723 tuae

554 2767 788 2833 laudes
834 2786 1004 2847 suas,
1054 2786 1222 2849 quae
1267 2766 1524 2832 facilius
1570 2774 1635 2832 te
1680 2767 1957 2850 fatigare
1996 2768 2261 2851 possint,
2313 2789 2507 2850 quam
2537 2789 2654 2834 nos

556 2880 831 2959 satiare,
892 2879 1096 2943 omnis
1152 2896 1378 2943 versus
1434 2879 1775 2962 ingereret.
1868 2878 2179 2956 Quamvis
2234 2886 2454 2944 autem
2513 2884 2655 2964 epi-

431 2999 508 3053 10
555 2997 917 3074 grammata
977 3011 1017 3054 a
1072 2991 1498 3055 severissimis
1560 3010 1814 3073 quoque
1882 2997 1947 3055 et
2012 3007 2301 3054 summae
2356 2990 2654 3057 fortunae

552 3103 712 3167 viris
755 3104 850 3166 ita
905 3102 1144 3186 scripta
1200 3103 1357 3181 sint,
1419 3108 1490 3166 ut
1545 3098 1867 3166 mimicam
1928 3101 2269 3166 verborum
2325 3102 2655 3169 licentiam

519 3333 852 3405 Imperatori
883 3362 949 3372 --
986 3333 1205 3387 Dacico.
1275 3332 1403 3388 Den
1438 3332 1588 3388 Titel
1624 3331 1877 3388 Dacicus
1913 3333 2140 3388 scheint
2173 3332 2465 3389 Domitian
2501 3335 2647 3389 nach

381 3424 493 3478 deu
540 3421 899 3476 Titulaturen
944 3420 1037 3475 bei
1084 3417 1538 3475 Henzen-Orelli
1584 3419 1671 3472 III
1717 3435 1772 3487 p.
1823 3422 1890 3472 64
1944 3418 2260 3474 Wilmanns
2317 3420 2420 3474 Ex.
2477 3422 2645 3477 inscr.

378 3509 437 3563 11
476 3525 531 3577 p.
568 3511 667 3560 507
703 3504 809 3561 auf
837 3503 1181 3561 Inschriften
1215 3505 1375 3560 nicht
1422 3521 1493 3559 zu
1532 3504 1755 3560 fflhren.
1828 3504 2046 3559 Eckhel
2082 3504 2151 3558 D.
2187 3504 2255 3559 N.
2298 3504 2380 3559 VI
2417 3508 2516 3558 398
2554 3505 2650 3560 Sic

381 3595 598 3649 dictum
632 3607 758 3647 esse
779 3591 1163 3646 Domitianum
1198 3606 1267 3646 ex
1303 3596 1596 3659 poetarum
1633 3591 1973 3646 testimoniis
2007 3596 2281 3655 tenemus,
2321 3606 2468 3660 quae
2507 3608 2648 3647 con-

378 3680 562 3749 gessit
604 3678 847 3733 Liebeus
897 3676 1110 3742 (Gotha
1152 3677 1405 3733 numism.
1456 3693 1512 3745 p.
1550 3679 1684 3745 252).
1783 3675 1897 3731 Sed
1954 3676 2314 3732 auctoritatis
2371 3676 2642 3745 publicae

379 3770 741 3820 monumenta
787 3778 856 3817 eo
901 3762 1204 3833 abstinent.
1273 3762 1438 3818 Doch
1487 3763 1645 3818 fiihrt
1677 3762 1852 3818 Liebe
1889 3779 1940 3816 a.
1978 3779 2030 3817 a.
2071 3761 2133 3817 Ο.
2174 3761 2336 3817 nicht
2370 3778 2477 3817 nur
2511 3762 2646 3818 kein

378 3850 637 3905 weiteres
680 3848 923 3917 Zeuguis
971 3865 1043 3902 an
1098 3848 1191 3909 (da
1236 3863 1297 3903 er
1343 3849 1447 3903 mit
1479 3848 1670 3904 Recht
1711 3847 1964 3902 Dacicus
2000 3847 2130 3902 Juv.
2169 3850 2218 3912 6,
2255 3850 2354 3900 205
2393 3846 2484 3903 fiir
2519 3849 2645 3903 eine

377 3937 580 3992 Hflnze
604 3932 843 4003 Trajans
879 3933 1127 4000 efflat-tl,
1164 3934 1409 3990 sondern
1446 3937 1668 3989 aussert
1691 3932 1837 3987 auch
1872 3933 1966 3987 die
1990 3934 2409 4004 Vermuthung:
2447 3948 2646 3988 vocem

378 4022 583 4079 Dacici
627 4021 688 4075 in
733 4018 1144 4088 praefationem
1190 4035 1314 4074 eam
1360 4019 1589 4074 aliunde
1634 4019 1945 4088 irrepsisse.
2005 4019 2137 4089 Vgl.
2178 4021 2318 4076 fiber
2362 4020 2474 4074 den
2511 4019 2636 4074 Bei-

376 4124 580 4165 namen
617 4106 960 4162 Sarmaticus
997 4121 1069 4160 ιιι
1102 4105 1187 4160 IX
1224 4107 1307 4171 93,
1344 4108 1372 4155 7
1413 4121 1465 4159 ιι.
1505 4107 1552 4160 8.

522 4197 569 4249 1.
608 4192 833 4246 domine.
885 4192 966 4247 Zu
1001 4191 1057 4246 Π
1093 4194 1175 4258 92,
1211 4196 1262 4244 4.

517 4282 565 4334 7.
602 4277 816 4333 caelesti
846 4277 1206 4332 verecundiae.
1269 4275 1545 4333 Caelestis
1580 4277 1913 4343 kaiserlich;
1959 4293 2030 4331 zu
2067 4276 2119 4330 V
2158 4279 2206 4341 5,
2244 4278 2291 4329 7.

519 4367 596 4417 11.
630 4364 895 4418 mimicam
932 4363 1207 4417 verborum
1246 4363 1531 4417 licentiam.
1552 4385 1563 4394 ·
1604 4363 1686 4417 Zu
1721 4363 1809 4416 ΙΙΙ
1850 4364 1932 4428 86,
1970 4368 2018 4417 4.

478 4466 656 4508 llartial
677 4465 739 4509 ΙΙ.
2201 4466 2224 4515 1
