3192 5084
879 387 1356 458 ngigrammaton
1390 386 1558 444 Liber
1591 387 1677 443 IX
1719 388 1884 452 (edirt
1920 391 2034 455 94).
2528 393 2613 456 53

1408 561 1521 627 IV.

510 674 803 740 Aureolis
849 673 1018 739 futui
1062 692 1205 738 oum
1249 673 1456 757 possit
1501 672 1697 739 Galla
1740 673 1991 739 duobus

594 788 674 853 Et
716 787 867 869 plus
912 805 1105 868 quam
1149 783 1331 865 futui,
1380 785 1437 850 si
1480 784 1747 851 totidem
1794 784 2155 852 addideris:

516 899 818 964 Aureolos
865 917 907 963 a
951 903 1015 961 te
1060 914 1174 961 eur
1216 896 1469 980 accipit,
1515 896 1859 982 Aeschylo,
1906 897 2149 963 denos?

596 1010 739 1076 Non
784 1008 971 1075 fellat
1013 1009 1177 1073 tanti
1223 1007 1434 1074 Galla.
1506 1005 1677 1085 Quid
1723 1012 1921 1092 ergo?
1993 1010 2218 1076 Taeet.

1433 1172 1507 1236 V.

520 1286 775 1352 Nubere
818 1285 920 1350 vis
963 1285 1205 1350 Priseo:
1253 1303 1379 1349 non
1425 1284 1639 1365 miror,
1683 1283 1917 1348 Paula:
1965 1286 2216 1368 sapisti.

600 1399 854 1463 Dueere
893 1403 960 1463 te
1005 1415 1133 1461 non
1176 1395 1317 1463 vult
1359 1396 1642 1460 Priseus:
1692 1402 1756 1461 et
1796 1396 1910 1461 ille
1952 1398 2146 1480 sapit.

1410 1568 1522 1634 VI.

521 1682 685 1762 Tibi,
730 1700 976 1746 summe
1020 1679 1229 1746 Rheni
1274 1678 1547 1747 domitor
1591 1685 1656 1745 et
1698 1698 1935 1764 parens
1979 1680 2177 1763 orbis,

518 1792 755 1860 Pudiee
797 1794 1116 1878 princeps,
1163 1794 1411 1877 gratias
1456 1799 1659 1877 agunt
1703 1791 1923 1857 urbes:

519 1906 794 1990 Populos
836 1903 1200 1982 habebunt3
1245 1923 1476 1989 parere
1520 1904 1651 1968 iam
1696 1904 1906 1969 seelus
1950 1924 2078 1969 non
2122 1910 2238 1970 est.

518 2017 660 2083 Non
702 2036 863 2101 puer
907 2016 1087 2082 avari
1132 2021 1346 2081 sectus
1390 2023 1530 2082 arte
1574 2016 1914 2099 mangonis

440 2137 475 2192 5
518 2128 856 2195 Virilitatis
901 2125 1139 2193 damna
1180 2135 1426 2194 maeret
1471 2134 1753 2211 ereptae,

512 2242 651 2307 Neo
691 2259 885 2323 quam
929 2239 1246 2324 superbus
1293 2246 1615 2323 computet
1658 2240 1890 2323 stipem
1942 2240 2105 2319 leno,

514 2354 644 2420 Dat
685 2352 1022 2436 prostituto
1067 2350 1304 2416 misera
1347 2356 1554 2416 mater
1596 2348 1847 2415 infanti.

518 2464 643 2543 Qui
677 2482 800 2545 neo
841 2461 1036 2528 eubili
1080 2460 1293 2528 fuerat
1336 2467 1488 2526 ante
1531 2467 1599 2527 te
1642 2461 1986 2544 quondam,

516 2574 733 2642 Pudor
775 2591 920 2640 esse
962 2591 1081 2658 per
1122 2580 1188 2639 te
1231 2573 1443 2657 eoepit
1485 2579 1552 2638 et
1592 2574 1911 2657 lupanari.

1397 2735 1538 2801 VII.

514 2850 747 2915 Dioere
791 2847 874 2915 de
918 2848 1179 2933 Libyeis
1223 2847 1442 2914 reduci
1487 2846 1606 2914 tibi
1651 2848 1970 2931 gentibus,
2017 2847 2193 2929 Afer,

602 2960 936 3027 Continuis
979 2960 1156 3026 volui
1202 2959 1488 3042 quinque
1534 2957 1764 3025 diebus
1809 2960 2011 3025 Have.

483 3175 537 3230 V
576 3177 621 3230 1.
681 3173 903 3243 sapisti]
945 3174 1102 3243 sapis
1137 3179 1201 3229 tu
1235 3174 1478 3243 Bentley.

480 3312 589 3367 vn
636 3313 683 3364 2.
722 3310 904 3380 gflave
928 3312 1071 3365 Fron
1136 3260 1243 3367 {ve
1280 3310 1338 3365 R
1390 3311 1442 3377 (h
1477 3328 1579 3365 von
1616 3311 1826 3366 weiter
1865 3312 2039 3367 Hand
2067 3313 2203 3367 nach
2243 3313 2602 3381 HJMueuer)

356 3398 496 3456 habe
531 3399 773 3453 EXAG
842 3412 948 3452 ave
986 3396 1132 3459 QFm
1150 3397 1305 3451 Solon.

480 3578 591 3635 vn
629 3581 678 3632 1.
726 3576 869 3648 Vgl.
906 3593 978 3633 zu
1011 3576 1070 3633 Π
1106 3579 1188 3644 56,
1228 3581 1273 3631 1.

482 3765 564 3822 IV
603 3769 649 3818 1.
710 3765 964 3820 Aureolis
994 3795 1066 3806 —
1100 3766 1313 3819 duobus.
1379 3765 1506 3836 Vgl.
1542 3766 1596 3820 X
1633 3769 1696 3819 75
1731 3767 1851 3823 und
1887 3783 1958 3823 zu
1991 3768 2020 3823 1
2059 3770 2174 3835 103,
2218 3772 2298 3823 10.

485 3855 537 3906 3.
596 3852 869 3922 Aeschylo.
925 3851 1040 3907 Fur
1085 3852 1250 3907 einen
1294 3852 1729 3908 unnattirliohen
1771 3853 2012 3910 Lastem
2069 3854 2387 3924 ergebenen
2444 3855 2610 3913 Men·

352 3937 525 3995 seben
559 3937 706 3994 such
741 3935 823 3991 IX
856 3938 943 3990 67.

481 4022 577 4079 VI.
637 4022 873 4079 Bezieht
919 4023 1042 4080 sieh
1087 4024 1195 4079 wie
1241 4022 1323 4077 IX
1357 4024 1388 4077 8
1437 4021 1543 4080 auf
1587 4024 1681 4080 ein
1714 4023 1891 4080 Edikt
1934 4024 2253 4081 Domitians
2288 4039 2472 4095 gegen
2509 4025 2606 4083 dle

352 4108 726 4166 Prostitution
759 4125 875 4164 von
908 4108 1180 4165 Kindern.

488 4197 537 4250 1.
596 4194 708 4251 VII
742 4198 792 4256 7,
833 4197 863 4247 5
901 4193 1000 4260 Te,
1036 4210 1247 4251 summe
1283 4195 1476 4251 mundi
1510 4201 1698 4251 rector
1732 4201 1793 4252 et
1826 4211 2031 4266 parens
2067 4196 2236 4253 orbis.

483 4283 532 4333 4.
558 4285 606 4335 5.
643 4280 879 4335 Bezieht
912 4280 1037 4337 sloh
1061 4279 1166 4337 tuf
1194 4282 1297 4337 das
1323 4281 1498 4338 liltore
1521 4280 1740 4338 Verbot
1762 4284 1863 4339 der
1884 4281 2307 4351 Entmannung3
2345 4296 2417 4337 zu
2441 4280 2497 4336 11
2521 4284 2607 4336 60.
2641 4276 2644 4279 ’

483 4370 533 4423 8.
598 4366 834 4423 Bezieht
868 4365 990 4423 sich
1027 4366 1130 4423 auf
1160 4366 1253 4423 die
1287 4366 1380 4422 lex
1415 4368 1488 4423 de
1524 4366 1839 4424 adulteriis.
1901 4368 1983 4423 Zu
2017 4367 2100 4423 VI
2136 4368 2185 4432 2,
2226 4369 2270 4420 1.
