<?xml version="1.0" encoding="UTF-8"?>
<!DOCTYPE html PUBLIC "-//W3C//DTD XHTML 1.0 Transitional//EN"
    "http://www.w3.org/TR/xhtml1/DTD/xhtml1-transitional.dtd">
<html xmlns="http://www.w3.org/1999/xhtml" xml:lang="en" lang="en">
 <head>
  <title>
</title>
<meta http-equiv="Content-Type" content="text/html;charset=utf-8" />
  <meta name='ocr-system' content='tesseract 3.04.00' />
  <meta name='ocr-capabilities' content='ocr_page ocr_carea ocr_par ocr_line ocrx_word'/>
</head>
<body>
  <div class='ocr_page' id='page_1' title='image "./mvaleriimartial02friegoog_0352.png"; bbox 0 0 3192 5084; ppageno 0'>
   <div class='ocr_carea' id='block_1_1' title="bbox 513 1441 551 1481">
    <p class='ocr_par' dir='ltr' id='par_1_1' title="bbox 513 1441 551 1481">
     <span class='ocr_line' id='line_1_1' title="bbox 513 1441 551 1481; baseline 0 0"><span class='ocrx_word' id='word_1_1' title='bbox 513 1441 551 1481; x_wconf 91' lang='lat' dir='ltr'><strong>D</strong></span> 
     </span>
    </p>
   </div>
   <div class='ocr_carea' id='block_1_2' title="bbox 571 416 2014 489">
    <p class='ocr_par' dir='ltr' id='par_1_2' title="bbox 571 416 2014 489">
     <span class='ocr_line' id='line_1_2' title="bbox 571 416 2014 489; baseline -0.004 -8"><span class='ocrx_word' id='word_1_2' title='bbox 571 424 696 489; x_wconf 81' lang='lat'><strong>338</strong></span> <span class='ocrx_word' id='word_1_3' title='bbox 1379 416 1452 472; x_wconf 77' lang='grc' dir='ltr'><strong>Μ.</strong></span> <span class='ocrx_word' id='word_1_4' title='bbox 1493 417 1707 473; x_wconf 83' lang='lat' dir='ltr'><strong>Valerii</strong></span> <span class='ocrx_word' id='word_1_5' title='bbox 1739 416 2014 475; x_wconf 76' lang='lat' dir='ltr'><strong>Martialis</strong></span> 
     </span>
    </p>
   </div>
   <div class='ocr_carea' id='block_1_3' title="bbox 742 589 2336 896">
    <p class='ocr_par' dir='ltr' id='par_1_3' title="bbox 742 589 2336 896">
     <span class='ocr_line' id='line_1_3' title="bbox 1058 589 2336 658; baseline -0.005 0"><span class='ocrx_word' id='word_1_6' title='bbox 1058 590 1245 658; x_wconf 78' lang='lat' dir='ltr'><strong>CXC.</strong></span> <span class='ocrx_word' id='word_1_7' title='bbox 1343 590 1522 654; x_wconf 78' lang='lat' dir='ltr'><strong>Titus</strong></span> <span class='ocrx_word' id='word_1_8' title='bbox 1567 590 1792 654; x_wconf 78' lang='lat' dir='ltr'><strong>Livius</strong></span> <span class='ocrx_word' id='word_1_9' title='bbox 1833 591 1902 653; x_wconf 79' lang='lat' dir='ltr'><strong>in</strong></span> <span class='ocrx_word' id='word_1_10' title='bbox 1945 589 2336 654; x_wconf 75' lang='lat' dir='ltr'><strong>membranis.</strong></span> 
     </span>
     <span class='ocr_line' id='line_1_4' title="bbox 742 701 2188 785; baseline -0.003 -15"><span class='ocrx_word' id='word_1_11' title='bbox 742 703 1033 771; x_wconf 82' lang='lat' dir='ltr'>Pellibus</span> <span class='ocrx_word' id='word_1_12' title='bbox 1081 702 1334 785; x_wconf 79' lang='lat' dir='ltr'>exiguis</span> <span class='ocrx_word' id='word_1_13' title='bbox 1380 707 1626 766; x_wconf 86' lang='lat' dir='ltr'><strong>artatur</strong></span> <span class='ocrx_word' id='word_1_14' title='bbox 1668 701 1892 766; x_wconf 80' lang='lat' dir='ltr'><strong>Livius</strong></span> <span class='ocrx_word' id='word_1_15' title='bbox 1938 702 2188 785; x_wconf 85' lang='lat' dir='ltr'><strong>ingens,</strong></span> 
     </span>
     <span class='ocr_line' id='line_1_5' title="bbox 829 812 2311 896; baseline -0.002 -16"><span class='ocrx_word' id='word_1_16' title='bbox 829 815 1034 894; x_wconf 83' lang='lat' dir='ltr'><strong>Quem</strong></span> <span class='ocrx_word' id='word_1_17' title='bbox 1078 832 1225 879; x_wconf 87' lang='lat' dir='ltr'><strong>mea</strong></span> <span class='ocrx_word' id='word_1_18' title='bbox 1267 832 1397 878; x_wconf 93' lang='lat' dir='ltr'><strong>non</strong></span> <span class='ocrx_word' id='word_1_19' title='bbox 1436 818 1640 878; x_wconf 89' lang='lat' dir='ltr'><strong>totum</strong></span> <span class='ocrx_word' id='word_1_20' title='bbox 1684 812 2078 878; x_wconf 75' lang='lat' dir='ltr'><strong>bibliotheca</strong></span> <span class='ocrx_word' id='word_1_21' title='bbox 2121 814 2311 896; x_wconf 86' lang='lat' dir='ltr'><strong>capit.</strong></span> 
     </span>
    </p>
   </div>
   <div class='ocr_carea' id='block_1_4' title="bbox 741 1000 2501 1307">
    <p class='ocr_par' dir='ltr' id='par_1_4' title="bbox 741 1000 2501 1307">
     <span class='ocr_line' id='line_1_6' title="bbox 1352 1000 2035 1070; baseline -0.003 -5"><span class='ocrx_word' id='word_1_22' title='bbox 1352 1000 1578 1070; x_wconf 86' lang='lat' dir='ltr'>CXCI.</span> <span class='ocrx_word' id='word_1_23' title='bbox 1671 1001 2035 1064; x_wconf 73' lang='lat' dir='ltr'><strong>Sallustius,</strong></span> 
     </span>
     <span class='ocr_line' id='line_1_7' title="bbox 741 1110 2501 1195; baseline 0 -17"><span class='ocrx_word' id='word_1_24' title='bbox 741 1114 864 1179; x_wconf 92' lang='lat' dir='ltr'><strong>Hic</strong></span> <span class='ocrx_word' id='word_1_25' title='bbox 909 1112 1047 1191; x_wconf 88' lang='lat' dir='ltr'><strong>erit,</strong></span> <span class='ocrx_word' id='word_1_26' title='bbox 1097 1118 1166 1178; x_wconf 89' lang='lat' dir='ltr'><strong>ut</strong></span> <span class='ocrx_word' id='word_1_27' title='bbox 1208 1110 1550 1195; x_wconf 77' lang='lat' dir='ltr'><strong>perhibent</strong></span> <span class='ocrx_word' id='word_1_28' title='bbox 1593 1110 1921 1177; x_wconf 89' lang='lat' dir='ltr'><strong>doctorum</strong></span> <span class='ocrx_word' id='word_1_29' title='bbox 1967 1111 2161 1177; x_wconf 88' lang='lat' dir='ltr'><strong>corda</strong></span> <span class='ocrx_word' id='word_1_30' title='bbox 2204 1113 2501 1194; x_wconf 85' lang='lat' dir='ltr'><strong>virorum,</strong></span> 
     </span>
     <span class='ocr_line' id='line_1_8' title="bbox 825 1223 2165 1307; baseline -0.001 -19"><span class='ocrx_word' id='word_1_31' title='bbox 825 1225 1076 1289; x_wconf 86' lang='lat' dir='ltr'><strong>Primus</strong></span> <span class='ocrx_word' id='word_1_32' title='bbox 1120 1224 1411 1288; x_wconf 91' lang='lat' dir='ltr'><strong>Romana</strong></span> <span class='ocrx_word' id='word_1_33' title='bbox 1455 1223 1724 1307; x_wconf 84' lang='lat' dir='ltr'><strong>Crispus</strong></span> <span class='ocrx_word' id='word_1_34' title='bbox 1768 1225 1837 1288; x_wconf 93' lang='lat' dir='ltr'><strong>in</strong></span> <span class='ocrx_word' id='word_1_35' title='bbox 1880 1223 2165 1290; x_wconf 89' lang='lat' dir='ltr'><strong>historia.</strong></span> 
     </span>
    </p>
   </div>
   <div class='ocr_carea' id='block_1_5' title="bbox 739 1411 2678 1717">
    <p class='ocr_par' dir='ltr' id='par_1_5' title="bbox 739 1411 2678 1717">
     <span class='ocr_line' id='line_1_9' title="bbox 852 1411 2532 1494; baseline -0.001 -16"><span class='ocrx_word' id='word_1_36' title='bbox 852 1413 1111 1478; x_wconf 82' lang='lat' dir='ltr'>CXCII.</span> <span class='ocrx_word' id='word_1_37' title='bbox 1213 1412 1401 1477; x_wconf 78' lang='lat' dir='ltr'><strong>Ovidi</strong></span> <span class='ocrx_word' id='word_1_38' title='bbox 1440 1411 1985 1494; x_wconf 76' lang='lat' dir='ltr'><strong>Metamorphoses</strong></span> <span class='ocrx_word' id='word_1_39' title='bbox 2029 1412 2097 1475; x_wconf 80' lang='lat' dir='ltr'><strong>in</strong></span> <span class='ocrx_word' id='word_1_40' title='bbox 2138 1411 2532 1476; x_wconf 72' lang='lat' dir='ltr'><strong>membranis·</strong></span> 
     </span>
     <span class='ocr_line' id='line_1_10' title="bbox 739 1522 2678 1607; baseline 0 -18"><span class='ocrx_word' id='word_1_41' title='bbox 739 1525 919 1590; x_wconf 88' lang='lat' dir='ltr'><strong>Haec</strong></span> <span class='ocrx_word' id='word_1_42' title='bbox 962 1524 1080 1589; x_wconf 87' lang='lat' dir='ltr'><strong>tibi</strong></span> <span class='ocrx_word' id='word_1_43' title='bbox 1124 1523 1465 1607; x_wconf 81' lang='lat' dir='ltr'><strong>multiplici</strong></span> <span class='ocrx_word' id='word_1_44' title='bbox 1512 1542 1681 1605; x_wconf 89' lang='lat' dir='ltr'><strong>quae</strong></span> <span class='ocrx_word' id='word_1_45' title='bbox 1726 1529 1968 1588; x_wconf 89' lang='lat' dir='ltr'><strong>structa</strong></span> <span class='ocrx_word' id='word_1_46' title='bbox 2012 1528 2111 1588; x_wconf 89' lang='lat' dir='ltr'><strong>est</strong></span> <span class='ocrx_word' id='word_1_47' title='bbox 2153 1541 2371 1587; x_wconf 86' lang='lat' dir='ltr'><strong>massa</strong></span> <span class='ocrx_word' id='word_1_48' title='bbox 2416 1522 2678 1604; x_wconf 88' lang='lat' dir='ltr'><strong>tabella,</strong></span> 
     </span>
     <span class='ocr_line' id='line_1_11' title="bbox 824 1633 2410 1717; baseline -0.001 -16"><span class='ocrx_word' id='word_1_49' title='bbox 824 1636 1132 1701; x_wconf 82' lang='lat' dir='ltr'><strong>Carmina</strong></span> <span class='ocrx_word' id='word_1_50' title='bbox 1172 1635 1453 1700; x_wconf 79' lang='lat' dir='ltr'><strong>Nasonis</strong></span> <span class='ocrx_word' id='word_1_51' title='bbox 1499 1635 1782 1716; x_wconf 89' lang='lat' dir='ltr'><strong>quinque</strong></span> <span class='ocrx_word' id='word_1_52' title='bbox 1827 1633 2178 1716; x_wconf 85' lang='lat' dir='ltr'><strong>decemque</strong></span> <span class='ocrx_word' id='word_1_53' title='bbox 2222 1633 2410 1717; x_wconf 89' lang='lat' dir='ltr'><strong>gerit.</strong></span> 
     </span>
    </p>
   </div>
   <div class='ocr_carea' id='block_1_6' title="bbox 579 1776 991 1785">
    <p class='ocr_par' dir='ltr' id='par_1_6' title="bbox 579 1776 991 1785">
     <span class='ocr_line' id='line_1_12' title="bbox 579 1776 991 1785; baseline 0 3299"><span class='ocrx_word' id='word_1_54' title='bbox 579 1776 991 1785; x_wconf 95' lang='lat' dir='ltr'><strong> </strong></span> 
     </span>
    </p>
   </div>
   <div class='ocr_carea' id='block_1_7' title="bbox 572 1838 2834 2165">
    <p class='ocr_par' dir='ltr' id='par_1_7' title="bbox 572 1838 2834 2165">
     <span class='ocr_line' id='line_1_13' title="bbox 711 1838 2832 1904; baseline -0.001 -10"><span class='ocrx_word' id='word_1_55' title='bbox 711 1839 932 1895; x_wconf 84' lang='lat' dir='ltr'>CXCII.</span> <span class='ocrx_word' id='word_1_56' title='bbox 1011 1842 1243 1894; x_wconf 79' lang='lat' dir='ltr'><strong>Lemma.</strong></span> <span class='ocrx_word' id='word_1_57' title='bbox 1298 1838 1463 1894; x_wconf 82' lang='lat' dir='ltr'><strong>Ovidi</strong></span> <span class='ocrx_word' id='word_1_58' title='bbox 1503 1840 1674 1891; x_wconf 73' lang='lat' dir='ltr'><strong>Schn2</strong></span> <span class='ocrx_word' id='word_1_59' title='bbox 1717 1844 1809 1903; x_wconf 80' lang='lat' dir='ltr'><strong>(zu</strong></span> <span class='ocrx_word' id='word_1_60' title='bbox 1846 1841 1888 1892; x_wconf 93' lang='grc' dir='ltr'><em>Ι</em></span> <span class='ocrx_word' id='word_1_61' title='bbox 1918 1847 1998 1904; x_wconf 71' lang='grc'><strong>96,</strong></span> <span class='ocrx_word' id='word_1_62' title='bbox 2038 1845 2095 1904; x_wconf 81' lang='grc'><strong>7)</strong></span> <span class='ocrx_word' id='word_1_63' title='bbox 2269 1839 2456 1894; x_wconf 83' lang='lat' dir='ltr'><strong>Ovidii</strong></span> <span class='ocrx_word' id='word_1_64' title='bbox 2493 1840 2628 1892; x_wconf 80' lang='lat' dir='ltr'><strong>codd</strong></span> <span class='ocrx_word' id='word_1_65' title='bbox 2660 1841 2832 1892; x_wconf 64' lang='lat' dir='ltr'><strong>Solam</strong></span> 
     </span>
     <span class='ocr_line' id='line_1_14' title="bbox 574 1924 2834 1994; baseline -0.001 -11"><span class='ocrx_word' id='word_1_66' title='bbox 574 1926 764 1983; x_wconf 84' lang='lat' dir='ltr'><strong>Ovidii</strong></span> <span class='ocrx_word' id='word_1_67' title='bbox 797 1926 1280 1994; x_wconf 75' lang='lat' dir='ltr'><strong>Metamorphoses</strong></span> <span class='ocrx_word' id='word_1_68' title='bbox 1316 1926 1376 1980; x_wconf 93' lang='lat' dir='ltr'><strong>in</strong></span> <span class='ocrx_word' id='word_1_69' title='bbox 1411 1941 1480 1979; x_wconf 91' lang='lat' dir='ltr'><strong>m.</strong></span> <span class='ocrx_word' id='word_1_70' title='bbox 1534 1925 1707 1978; x_wconf 78' lang='lat' dir='ltr'><strong>Vind³</strong></span> <span class='ocrx_word' id='word_1_71' title='bbox 1744 1927 1844 1978; x_wconf 76' lang='lat' dir='ltr'><strong>Sor</strong></span> <span class='ocrx_word' id='word_1_72' title='bbox 1982 1924 2166 1980; x_wconf 83' lang='lat' dir='ltr'><strong>Ovidii</strong></span> <span class='ocrx_word' id='word_1_73' title='bbox 2208 1924 2740 1993; x_wconf 68' lang='lat' dir='ltr'><strong>Metamorphffiosis</strong></span> <span class='ocrx_word' id='word_1_74' title='bbox 2774 1925 2834 1980; x_wconf 90' lang='lat' dir='ltr'><strong>in</strong></span> 
     </span>
     <span class='ocr_line' id='line_1_15' title="bbox 572 2009 2834 2078; baseline 0 -13"><span class='ocrx_word' id='word_1_75' title='bbox 572 2012 911 2067; x_wconf 83' lang='lat' dir='ltr'><strong>membranis</strong></span> <span class='ocrx_word' id='word_1_76' title='bbox 951 2013 1072 2065; x_wconf 77' lang='grc' dir='ltr'><strong>ΒΤ</strong></span> <span class='ocrx_word' id='word_1_77' title='bbox 1104 2012 1243 2064; x_wconf 80' lang='lat' dir='ltr'><strong>Sclm</strong></span> <span class='ocrx_word' id='word_1_78' title='bbox 1346 2010 1582 2066; x_wconf 82' lang='lat' dir='ltr'><strong>Ovidius</strong></span> <span class='ocrx_word' id='word_1_79' title='bbox 1618 2009 2151 2078; x_wconf 61' lang='lat' dir='ltr'><strong>metamorphoseon</strong></span> <span class='ocrx_word' id='word_1_80' title='bbox 2189 2011 2250 2065; x_wconf 91' lang='lat' dir='ltr'><strong>in</strong></span> <span class='ocrx_word' id='word_1_81' title='bbox 2284 2028 2355 2064; x_wconf 91' lang='lat' dir='ltr'><strong>m.</strong></span> <span class='ocrx_word' id='word_1_82' title='bbox 2389 2011 2498 2071; x_wconf 86' lang='lat' dir='ltr'><strong>QF</strong></span> <span class='ocrx_word' id='word_1_83' title='bbox 2595 2010 2834 2066; x_wconf 85' lang='lat' dir='ltr'><strong>Ovidius</strong></span> 
     </span>
     <span class='ocr_line' id='line_1_16' title="bbox 574 2097 1452 2165; baseline -0.001 -15"><span class='ocrx_word' id='word_1_84' title='bbox 574 2097 1107 2165; x_wconf 70' lang='lat' dir='ltr'><strong>metamorphoseon</strong></span> <span class='ocrx_word' id='word_1_85' title='bbox 1141 2097 1452 2150; x_wconf 82' lang='lat' dir='ltr'><strong>EXABG.</strong></span> 
     </span>
    </p>
   </div>
   <div class='ocr_carea' id='block_1_8' title="bbox 576 2215 986 2222">
    <p class='ocr_par' dir='ltr' id='par_1_8' title="bbox 576 2215 986 2222">
     <span class='ocr_line' id='line_1_17' title="bbox 576 2215 986 2222; baseline 0 2862"><span class='ocrx_word' id='word_1_86' title='bbox 576 2215 986 2222; x_wconf 95' lang='lat' dir='ltr'><strong> </strong></span> 
     </span>
    </p>
   </div>
   <div class='ocr_carea' id='block_1_9' title="bbox 573 2249 2836 2409">
    <p class='ocr_par' dir='ltr' id='par_1_9' title="bbox 573 2249 2836 2409">
     <span class='ocr_line' id='line_1_18' title="bbox 721 2249 2836 2337; baseline 0 -15"><span class='ocrx_word' id='word_1_87' title='bbox 721 2266 894 2322; x_wconf 87' lang='lat' dir='ltr'>CXCI</span> <span class='ocrx_word' id='word_1_88' title='bbox 929 2271 975 2320; x_wconf 79' lang='lat'><strong>2:</strong></span> <span class='ocrx_word' id='word_1_89' title='bbox 1021 2266 1236 2323; x_wconf 65' lang='lat' dir='ltr'><strong>Auson„</strong></span> <span class='ocrx_word' id='word_1_90' title='bbox 1276 2265 1436 2323; x_wconf 83' lang='lat' dir='ltr'><strong>Caes.</strong></span> <span class='ocrx_word' id='word_1_91' title='bbox 1487 2249 1655 2332; x_wconf 61' lang='lat' dir='ltr'>{XXI}</span> <span class='ocrx_word' id='word_1_92' title='bbox 1692 2265 1871 2335; x_wconf 85' lang='lat' dir='ltr'><strong>praef.</strong></span> <span class='ocrx_word' id='word_1_93' title='bbox 1914 2270 1943 2317; x_wconf 82' lang='lat'>4</span> <span class='ocrx_word' id='word_1_94' title='bbox 1968 2265 2115 2322; x_wconf 84' lang='lat' dir='ltr'><strong>Novi</strong></span> <span class='ocrx_word' id='word_1_95' title='bbox 2133 2268 2425 2322; x_wconf 85' lang='lat' dir='ltr'><strong>Romanae</strong></span> <span class='ocrx_word' id='word_1_96' title='bbox 2449 2283 2593 2337; x_wconf 85' lang='lat' dir='ltr'><strong>quos</strong></span> <span class='ocrx_word' id='word_1_97' title='bbox 2627 2283 2836 2323; x_wconf 88' lang='lat' dir='ltr'><strong>memor</strong></span> 
     </span>
     <span class='ocr_line' id='line_1_19' title="bbox 573 2354 862 2409; baseline -0.01 0"><span class='ocrx_word' id='word_1_98' title='bbox 573 2354 862 2409; x_wconf 82' lang='lat' dir='ltr'><strong>historiae.</strong></span> 
     </span>
    </p>
   </div>
   <div class='ocr_carea' id='block_1_10' title="bbox 633 2461 988 2468">
    <p class='ocr_par' dir='ltr' id='par_1_10' title="bbox 633 2461 988 2468">
     <span class='ocr_line' id='line_1_20' title="bbox 633 2461 988 2468; baseline 0 2616"><span class='ocrx_word' id='word_1_99' title='bbox 633 2461 988 2468; x_wconf 95' lang='lat' dir='ltr'><strong> </strong></span> 
     </span>
    </p>
   </div>
   <div class='ocr_carea' id='block_1_11' title="bbox 571 2505 2837 3174">
    <p class='ocr_par' dir='ltr' id='par_1_11' title="bbox 571 2505 2837 3174">
     <span class='ocr_line' id='line_1_21' title="bbox 711 2505 2833 2575; baseline -0 -12"><span class='ocrx_word' id='word_1_100' title='bbox 711 2505 856 2563; x_wconf 86' lang='lat' dir='ltr'><strong>CXC</strong></span> <span class='ocrx_word' id='word_1_101' title='bbox 894 2510 942 2560; x_wconf 83' lang='lat'><strong>2.</strong></span> <span class='ocrx_word' id='word_1_102' title='bbox 1002 2506 1172 2562; x_wconf 87' lang='lat' dir='ltr'><strong>Voss.</strong></span> <span class='ocrx_word' id='word_1_103' title='bbox 1219 2506 1528 2562; x_wconf 81' lang='lat' dir='ltr'><strong>Aristarch.</strong></span> <span class='ocrx_word' id='word_1_104' title='bbox 1583 2523 1638 2575; x_wconf 82' lang='lat' dir='ltr'><strong>p.</strong></span> <span class='ocrx_word' id='word_1_105' title='bbox 1686 2508 1787 2559; x_wconf 81' lang='lat'><strong>299</strong></span> <span class='ocrx_word' id='word_1_106' title='bbox 1839 2505 1976 2570; x_wconf 86' lang='lat' dir='ltr'><strong>(Hal.</strong></span> <span class='ocrx_word' id='word_1_107' title='bbox 2028 2523 2085 2575; x_wconf 88' lang='lat' dir='ltr'><strong>p.</strong></span> <span class='ocrx_word' id='word_1_108' title='bbox 2137 2508 2251 2572; x_wconf 85' lang='lat'>236)</span> <span class='ocrx_word' id='word_1_109' title='bbox 2301 2505 2420 2559; x_wconf 87' lang='lat' dir='ltr'><strong>Iam</strong></span> <span class='ocrx_word' id='word_1_110' title='bbox 2471 2510 2601 2561; x_wconf 85' lang='lat' dir='ltr'><strong>ante</strong></span> <span class='ocrx_word' id='word_1_111' title='bbox 2656 2522 2833 2562; x_wconf 84' lang='lat' dir='ltr'><strong>annos</strong></span> 
     </span>
     <span class='ocr_line' id='line_1_22' title="bbox 575 2590 2836 2663; baseline -0 -15"><span class='ocrx_word' id='word_1_112' title='bbox 575 2609 755 2663; x_wconf 89' lang='lat' dir='ltr'><strong>prope</strong></span> <span class='ocrx_word' id='word_1_113' title='bbox 792 2593 1184 2662; x_wconf 84' lang='lat' dir='ltr'><strong>octingentos,</strong></span> <span class='ocrx_word' id='word_1_114' title='bbox 1231 2591 1581 2659; x_wconf 86' lang='lat' dir='ltr'><strong>temporibus</strong></span> <span class='ocrx_word' id='word_1_115' title='bbox 1619 2590 1808 2646; x_wconf 83' lang='lat' dir='ltr'><strong>Caroli</strong></span> <span class='ocrx_word' id='word_1_116' title='bbox 1843 2591 2034 2655; x_wconf 82' lang='lat' dir='ltr'><strong>Calvi,</strong></span> <span class='ocrx_word' id='word_1_117' title='bbox 2082 2591 2399 2648; x_wconf 85' lang='lat' dir='ltr'><strong>dubitatum</strong></span> <span class='ocrx_word' id='word_1_118' title='bbox 2436 2598 2648 2661; x_wconf 84' lang='lat' dir='ltr'><strong>quanta</strong></span> <span class='ocrx_word' id='word_1_119' title='bbox 2684 2599 2836 2647; x_wconf 85' lang='lat' dir='ltr'><strong>esset</strong></span> 
     </span>
     <span class='ocr_line' id='line_1_23' title="bbox 574 2675 2835 2749; baseline -0.002 -15"><span class='ocrx_word' id='word_1_120' title='bbox 574 2678 887 2749; x_wconf 86' lang='lat' dir='ltr'><strong>penultima</strong></span> <span class='ocrx_word' id='word_1_121' title='bbox 921 2679 980 2732; x_wconf 89' lang='lat' dir='ltr'><strong>in</strong></span> <span class='ocrx_word' id='word_1_122' title='bbox 1018 2676 1419 2742; x_wconf 90' lang='lat' dir='ltr'><strong>,bibliotheca‘:</strong></span> <span class='ocrx_word' id='word_1_123' title='bbox 1482 2678 1644 2747; x_wconf 87' lang='lat' dir='ltr'><strong>quasi</strong></span> <span class='ocrx_word' id='word_1_124' title='bbox 1679 2693 1794 2732; x_wconf 91' lang='lat' dir='ltr'><strong>non</strong></span> <span class='ocrx_word' id='word_1_125' title='bbox 1840 2683 1995 2732; x_wconf 88' lang='lat' dir='ltr'><strong>esset</strong></span> <span class='ocrx_word' id='word_1_126' title='bbox 2039 2693 2239 2747; x_wconf 84' lang='lat' dir='ltr'><strong>graece</strong></span> <span class='ocrx_word' id='word_1_127' title='bbox 2288 2675 2609 2746; x_wconf 72' lang='grc' dir='ltr'>βιβλιοθήκη.</span> <span class='ocrx_word' id='word_1_128' title='bbox 2684 2675 2835 2731; x_wconf 90' lang='lat' dir='ltr'><strong>Con-</strong></span> 
     </span>
     <span class='ocr_line' id='line_1_24' title="bbox 576 2760 2835 2832; baseline -0.002 -11"><span class='ocrx_word' id='word_1_129' title='bbox 576 2764 760 2821; x_wconf 83' lang='lat' dir='ltr'><strong>sultus</strong></span> <span class='ocrx_word' id='word_1_130' title='bbox 801 2778 1020 2832; x_wconf 87' lang='lat' dir='ltr'><strong>semper</strong></span> <span class='ocrx_word' id='word_1_131' title='bbox 1066 2764 1137 2819; x_wconf 91' lang='lat' dir='ltr'><strong>de</strong></span> <span class='ocrx_word' id='word_1_132' title='bbox 1185 2780 1254 2819; x_wconf 89' lang='lat' dir='ltr'><strong>eo</strong></span> <span class='ocrx_word' id='word_1_133' title='bbox 1303 2765 1498 2831; x_wconf 88' lang='lat' dir='ltr'><strong>Lupus</strong></span> <span class='ocrx_word' id='word_1_134' title='bbox 1553 2764 1730 2819; x_wconf 86' lang='lat' dir='ltr'><strong>abbas</strong></span> <span class='ocrx_word' id='word_1_135' title='bbox 1777 2762 2147 2818; x_wconf 85' lang='lat' dir='ltr'><strong>Ferrariensis</strong></span> <span class='ocrx_word' id='word_1_136' title='bbox 2198 2767 2253 2828; x_wconf 79' lang='lat'><strong>(÷</strong></span> <span class='ocrx_word' id='word_1_137' title='bbox 2288 2777 2381 2816; x_wconf 87' lang='lat' dir='ltr'><strong>um</strong></span> <span class='ocrx_word' id='word_1_138' title='bbox 2431 2764 2556 2815; x_wconf 83' lang='lat'>862:</span> <span class='ocrx_word' id='word_1_139' title='bbox 2608 2760 2835 2831; x_wconf 83' lang='lat' dir='ltr'><strong>GVoigt</strong></span> 
     </span>
     <span class='ocr_line' id='line_1_25' title="bbox 573 2847 2836 2918; baseline -0.001 -13"><span class='ocrx_word' id='word_1_140' title='bbox 573 2849 1091 2918; x_wconf 81' lang='lat' dir='ltr'><strong>Wiederbelebung</strong></span> <span class='ocrx_word' id='word_1_141' title='bbox 1151 2850 1204 2903; x_wconf 86' lang='lat' dir='ltr'><strong>d.</strong></span> <span class='ocrx_word' id='word_1_142' title='bbox 1264 2848 1341 2903; x_wconf 85' lang='lat' dir='ltr'><strong>kl.</strong></span> <span class='ocrx_word' id='word_1_143' title='bbox 1404 2847 1687 2904; x_wconf 86' lang='lat' dir='ltr'><strong>Altherth.</strong></span> <span class='ocrx_word' id='word_1_144' title='bbox 1745 2848 1827 2902; x_wconf 78' lang='grc' dir='ltr'><strong>ΙΙ2</strong></span> <span class='ocrx_word' id='word_1_145' title='bbox 1884 2851 2035 2913; x_wconf 83' lang='grc'><strong>335),</strong></span> <span class='ocrx_word' id='word_1_146' title='bbox 2105 2854 2170 2903; x_wconf 91' lang='lat' dir='ltr'><strong>ut</strong></span> <span class='ocrx_word' id='word_1_147' title='bbox 2224 2847 2405 2917; x_wconf 87' lang='lat' dir='ltr'><strong>liquet</strong></span> <span class='ocrx_word' id='word_1_148' title='bbox 2462 2862 2531 2901; x_wconf 82' lang='lat' dir='ltr'><strong>ex</strong></span> <span class='ocrx_word' id='word_1_149' title='bbox 2589 2848 2836 2916; x_wconf 83' lang='lat' dir='ltr'><strong>epistula</strong></span> 
     </span>
     <span class='ocr_line' id='line_1_26' title="bbox 571 2931 2836 3005; baseline -0.001 -15"><span class='ocrx_word' id='word_1_150' title='bbox 571 2937 701 3005; x_wconf 84' lang='lat' dir='ltr'><strong>ejus</strong></span> <span class='ocrx_word' id='word_1_151' title='bbox 737 2939 820 3001; x_wconf 84' lang='lat'><strong>20,</strong></span> <span class='ocrx_word' id='word_1_152' title='bbox 868 2950 1014 3004; x_wconf 87' lang='lat' dir='ltr'><strong>quae</strong></span> <span class='ocrx_word' id='word_1_153' title='bbox 1060 2935 1135 2989; x_wconf 83' lang='lat' dir='ltr'><strong>ad</strong></span> <span class='ocrx_word' id='word_1_154' title='bbox 1179 2933 1488 2990; x_wconf 85' lang='lat' dir='ltr'><strong>Altuinum.</strong></span> <span class='ocrx_word' id='word_1_155' title='bbox 1561 2931 1674 2990; x_wconf 86' lang='lat' dir='ltr'><strong>Sed</strong></span> <span class='ocrx_word' id='word_1_156' title='bbox 1722 2933 1941 3002; x_wconf 88' lang='lat' dir='ltr'><strong>Lupus,</strong></span> <span class='ocrx_word' id='word_1_157' title='bbox 1990 2949 2118 2988; x_wconf 90' lang='lat' dir='ltr'><strong>cum</strong></span> <span class='ocrx_word' id='word_1_158' title='bbox 2160 2947 2362 3002; x_wconf 81' lang='lat' dir='ltr'><strong>graece</strong></span> <span class='ocrx_word' id='word_1_159' title='bbox 2399 2933 2667 2998; x_wconf 85' lang='lat' dir='ltr'><strong>nesciret,</strong></span> <span class='ocrx_word' id='word_1_160' title='bbox 2721 2948 2836 2988; x_wconf 93' lang='lat' dir='ltr'><strong>non</strong></span> 
     </span>
     <span class='ocr_line' id='line_1_27' title="bbox 576 3018 2837 3089; baseline -0.001 -12"><span class='ocrx_word' id='word_1_161' title='bbox 576 3021 805 3077; x_wconf 83' lang='lat' dir='ltr'><strong>aliunde</strong></span> <span class='ocrx_word' id='word_1_162' title='bbox 840 3022 900 3077; x_wconf 87' lang='lat' dir='ltr'><strong>id</strong></span> <span class='ocrx_word' id='word_1_163' title='bbox 936 3020 1234 3089; x_wconf 86' lang='lat' dir='ltr'><strong>probatum</strong></span> <span class='ocrx_word' id='word_1_164' title='bbox 1278 3021 1354 3083; x_wconf 91' lang='lat' dir='ltr'><strong>it,</strong></span> <span class='ocrx_word' id='word_1_165' title='bbox 1402 3035 1567 3089; x_wconf 89' lang='lat' dir='ltr'><strong>quam</strong></span> <span class='ocrx_word' id='word_1_166' title='bbox 1610 3035 1779 3074; x_wconf 84' lang='lat' dir='ltr'><strong>versu</strong></span> <span class='ocrx_word' id='word_1_167' title='bbox 1827 3019 1927 3073; x_wconf 91' lang='lat' dir='ltr'><strong>illo</strong></span> <span class='ocrx_word' id='word_1_168' title='bbox 1972 3018 2242 3073; x_wconf 82' lang='lat' dir='ltr'><strong>Martialis</strong></span> <span class='ocrx_word' id='word_1_169' title='bbox 2291 3018 2362 3073; x_wconf 91' lang='lat' dir='ltr'><strong>de</strong></span> <span class='ocrx_word' id='word_1_170' title='bbox 2411 3018 2600 3074; x_wconf 84' lang='lat' dir='ltr'><strong>Livio:</strong></span> <span class='ocrx_word' id='word_1_171' title='bbox 2663 3018 2837 3084; x_wconf 82' lang='lat' dir='ltr'><strong>Quem</strong></span> 
     </span>
     <span class='ocr_line' id='line_1_28' title="bbox 576 3106 1013 3174; baseline -0.009 -13"><span class='ocrx_word' id='word_1_172' title='bbox 576 3123 700 3162; x_wconf 88' lang='lat' dir='ltr'><strong>mea</strong></span> <span class='ocrx_word' id='word_1_173' title='bbox 733 3136 802 3145; x_wconf 95' lang='lat'><strong>—</strong></span> <span class='ocrx_word' id='word_1_174' title='bbox 836 3106 1013 3174; x_wconf 84' lang='lat' dir='ltr'><strong>capit.</strong></span> 
     </span>
    </p>
   </div>
   <div class='ocr_carea' id='block_1_12' title="bbox 639 3213 984 3221">
    <p class='ocr_par' dir='ltr' id='par_1_12' title="bbox 639 3213 984 3221">
     <span class='ocr_line' id='line_1_29' title="bbox 639 3213 984 3221; baseline 0 1863"><span class='ocrx_word' id='word_1_175' title='bbox 639 3213 984 3221; x_wconf 95' lang='lat' dir='ltr'><strong> </strong></span> 
     </span>
    </p>
   </div>
   <div class='ocr_carea' id='block_1_13' title="bbox 561 3263 2840 4448">
    <p class='ocr_par' dir='ltr' id='par_1_13' title="bbox 576 3263 2839 3676">
     <span class='ocr_line' id='line_1_30' title="bbox 714 3263 2834 3323; baseline 0 -1"><span class='ocrx_word' id='word_1_176' title='bbox 714 3266 878 3322; x_wconf 92' lang='lat' dir='ltr'>CXC.</span> <span class='ocrx_word' id='word_1_177' title='bbox 926 3267 1004 3321; x_wconf 90' lang='lat' dir='ltr'><strong>Zu</strong></span> <span class='ocrx_word' id='word_1_178' title='bbox 1041 3265 1176 3319; x_wconf 87' lang='lat' dir='ltr'><strong>XIV</strong></span> <span class='ocrx_word' id='word_1_179' title='bbox 1215 3268 1327 3318; x_wconf 81' lang='grc'><strong>184.</strong></span> <span class='ocrx_word' id='word_1_180' title='bbox 1396 3264 1562 3319; x_wconf 91' lang='lat' dir='ltr'><strong>Auch</strong></span> <span class='ocrx_word' id='word_1_181' title='bbox 1602 3266 1722 3320; x_wconf 89' lang='lat' dir='ltr'><strong>hier</strong></span> <span class='ocrx_word' id='word_1_182' title='bbox 1757 3266 1886 3320; x_wconf 86' lang='lat' dir='ltr'><strong>sind</strong></span> <span class='ocrx_word' id='word_1_183' title='bbox 1924 3265 2073 3320; x_wconf 90' lang='lat' dir='ltr'><strong>ohne</strong></span> <span class='ocrx_word' id='word_1_184' title='bbox 2099 3263 2325 3319; x_wconf 78' lang='lat' dir='ltr'><strong>chifel</strong></span> <span class='ocrx_word' id='word_1_185' title='bbox 2362 3266 2611 3322; x_wconf 88' lang='lat' dir='ltr'><strong>mehrere</strong></span> <span class='ocrx_word' id='word_1_186' title='bbox 2636 3265 2834 3323; x_wconf 81' lang='lat' dir='ltr'><strong>Biinde</strong></span> 
     </span>
     <span class='ocr_line' id='line_1_31' title="bbox 578 3350 2836 3422; baseline -0 -13"><span class='ocrx_word' id='word_1_187' title='bbox 578 3354 978 3416; x_wconf 82' lang='lat' dir='ltr'><strong>anzunehmen,</strong></span> <span class='ocrx_word' id='word_1_188' title='bbox 1017 3353 1108 3407; x_wconf 87' lang='lat' dir='ltr'><strong>die</strong></span> <span class='ocrx_word' id='word_1_189' title='bbox 1137 3351 1351 3422; x_wconf 87' lang='lat' dir='ltr'><strong>jedoch</strong></span> <span class='ocrx_word' id='word_1_190' title='bbox 1387 3351 1553 3407; x_wconf 85' lang='lat' dir='ltr'><strong>einen</strong></span> <span class='ocrx_word' id='word_1_191' title='bbox 1587 3350 1815 3405; x_wconf 82' lang='lat' dir='ltr'><strong>kleinen</strong></span> <span class='ocrx_word' id='word_1_192' title='bbox 1839 3350 2021 3404; x_wconf 86' lang='lat' dir='ltr'><strong>Raum</strong></span> <span class='ocrx_word' id='word_1_193' title='bbox 2057 3350 2402 3415; x_wconf 84' lang='lat' dir='ltr'><strong>einnehmen,</strong></span> <span class='ocrx_word' id='word_1_194' title='bbox 2443 3352 2711 3408; x_wconf 69' lang='lat' dir='ltr'><strong>wahrend</strong></span> <span class='ocrx_word' id='word_1_195' title='bbox 2746 3351 2836 3408; x_wconf 79' lang='lat' dir='ltr'><strong>fiir</strong></span> 
     </span>
     <span class='ocr_line' id='line_1_32' title="bbox 576 3435 2837 3506; baseline -0 -13"><span class='ocrx_word' id='word_1_196' title='bbox 576 3439 742 3493; x_wconf 88' lang='lat' dir='ltr'><strong>einen</strong></span> <span class='ocrx_word' id='word_1_197' title='bbox 776 3452 996 3506; x_wconf 82' lang='lat' dir='ltr'><strong>ganzen</strong></span> <span class='ocrx_word' id='word_1_198' title='bbox 1030 3437 1226 3493; x_wconf 82' lang='lat' dir='ltr'><strong>Livius</strong></span> <span class='ocrx_word' id='word_1_199' title='bbox 1263 3436 1366 3493; x_wconf 85' lang='lat' dir='ltr'><strong>auf</strong></span> <span class='ocrx_word' id='word_1_200' title='bbox 1396 3437 1655 3506; x_wconf 83' lang='lat' dir='ltr'><strong>Papyrus</strong></span> <span class='ocrx_word' id='word_1_201' title='bbox 1692 3437 1791 3491; x_wconf 89' lang='lat' dir='ltr'><strong>der</strong></span> <span class='ocrx_word' id='word_1_202' title='bbox 1825 3435 2006 3489; x_wconf 84' lang='lat' dir='ltr'><strong>Raum</strong></span> <span class='ocrx_word' id='word_1_203' title='bbox 2055 3435 2208 3491; x_wconf 89' lang='lat' dir='ltr'><strong>einer</strong></span> <span class='ocrx_word' id='word_1_204' title='bbox 2252 3451 2472 3504; x_wconf 79' lang='lat' dir='ltr'><strong>ganzen</strong></span> <span class='ocrx_word' id='word_1_205' title='bbox 2506 3436 2837 3494; x_wconf 85' lang='lat' dir='ltr'><strong>Bibliothek</strong></span> 
     </span>
     <span class='ocr_line' id='line_1_33' title="bbox 576 3519 2839 3586; baseline 0 -10"><span class='ocrx_word' id='word_1_206' title='bbox 576 3522 739 3577; x_wconf 90' lang='lat' dir='ltr'><strong>nicht</strong></span> <span class='ocrx_word' id='word_1_207' title='bbox 773 3521 1069 3577; x_wconf 85' lang='lat' dir='ltr'><strong>hinreicht.</strong></span> <span class='ocrx_word' id='word_1_208' title='bbox 1146 3522 1284 3586; x_wconf 88' lang='lat' dir='ltr'><strong>Birt,</strong></span> <span class='ocrx_word' id='word_1_209' title='bbox 1323 3524 1420 3577; x_wconf 87' lang='lat' dir='ltr'><strong>der</strong></span> <span class='ocrx_word' id='word_1_210' title='bbox 1455 3538 1561 3577; x_wconf 91' lang='lat' dir='ltr'><strong>nur</strong></span> <span class='ocrx_word' id='word_1_211' title='bbox 1595 3521 1763 3577; x_wconf 88' lang='lat' dir='ltr'><strong>einen</strong></span> <span class='ocrx_word' id='word_1_212' title='bbox 1797 3519 1961 3575; x_wconf 89' lang='lat' dir='ltr'><strong>Band</strong></span> <span class='ocrx_word' id='word_1_213' title='bbox 1998 3520 2266 3575; x_wconf 85' lang='lat' dir='ltr'><strong>annimmt</strong></span> <span class='ocrx_word' id='word_1_214' title='bbox 2305 3520 2375 3584; x_wconf 89' lang='lat' dir='ltr'><strong>(S.</strong></span> <span class='ocrx_word' id='word_1_215' title='bbox 2416 3523 2514 3586; x_wconf 85' lang='grc'>86),</span> <span class='ocrx_word' id='word_1_216' title='bbox 2552 3523 2730 3579; x_wconf 86' lang='lat' dir='ltr'><strong>denkt</strong></span> <span class='ocrx_word' id='word_1_217' title='bbox 2766 3539 2839 3579; x_wconf 88' lang='lat' dir='ltr'><strong>an</strong></span> 
     </span>
     <span class='ocr_line' id='line_1_34' title="bbox 578 3607 1012 3676; baseline -0.005 -14"><span class='ocrx_word' id='word_1_218' title='bbox 578 3607 1012 3676; x_wconf 83' lang='lat' dir='ltr'><strong>Stenographie.</strong></span> 
     </span>
    </p>

    <p class='ocr_par' dir='ltr' id='par_1_14' title="bbox 717 3692 2833 3761">
     <span class='ocr_line' id='line_1_35' title="bbox 717 3692 2833 3761; baseline 0.002 -18"><span class='ocrx_word' id='word_1_219' title='bbox 717 3694 759 3744; x_wconf 89' lang='lat'><strong>1.</strong></span> <span class='ocrx_word' id='word_1_220' title='bbox 798 3697 1024 3746; x_wconf 70' lang='lat' dir='ltr'><strong>matur.</strong></span> <span class='ocrx_word' id='word_1_221' title='bbox 1072 3692 1099 3746; x_wconf 95' lang='lat' dir='ltr'>I</span> <span class='ocrx_word' id='word_1_222' title='bbox 1125 3695 1175 3754; x_wconf 87' lang='lat'><strong>2,</strong></span> <span class='ocrx_word' id='word_1_223' title='bbox 1193 3695 1222 3744; x_wconf 86' lang='lat'>3</span> <span class='ocrx_word' id='word_1_224' title='bbox 1259 3692 1377 3748; x_wconf 86' lang='lat' dir='ltr'><strong>Hos</strong></span> <span class='ocrx_word' id='word_1_225' title='bbox 1413 3707 1552 3754; x_wconf 89' lang='lat' dir='ltr'><strong>eme,</strong></span> <span class='ocrx_word' id='word_1_226' title='bbox 1591 3707 1735 3761; x_wconf 86' lang='lat' dir='ltr'><strong>quos</strong></span> <span class='ocrx_word' id='word_1_227' title='bbox 1771 3696 1921 3747; x_wconf 84' lang='lat' dir='ltr'><strong>artat</strong></span> <span class='ocrx_word' id='word_1_228' title='bbox 1955 3692 2220 3748; x_wconf 85' lang='lat' dir='ltr'><strong>brevibus</strong></span> <span class='ocrx_word' id='word_1_229' title='bbox 2245 3693 2565 3749; x_wconf 84' lang='lat' dir='ltr'><strong>membrana</strong></span> <span class='ocrx_word' id='word_1_230' title='bbox 2588 3693 2833 3750; x_wconf 82' lang='lat' dir='ltr'><strong>tabellis.</strong></span> 
     </span>
    </p>

    <p class='ocr_par' dir='ltr' id='par_1_15' title="bbox 561 3776 2840 4272">
     <span class='ocr_line' id='line_1_36' title="bbox 720 3776 2840 3834; baseline 0 -2"><span class='ocrx_word' id='word_1_231' title='bbox 720 3776 893 3832; x_wconf 91' lang='lat' dir='ltr'>CXCI</span> <span class='ocrx_word' id='word_1_232' title='bbox 934 3779 976 3829; x_wconf 91' lang='lat'><strong>1.</strong></span> <span class='ocrx_word' id='word_1_233' title='bbox 1028 3778 1302 3830; x_wconf 78' lang='lat' dir='ltr'><strong>doctorum</strong></span> <span class='ocrx_word' id='word_1_234' title='bbox 1336 3778 1497 3830; x_wconf 82' lang='lat' dir='ltr'><strong>corda</strong></span> <span class='ocrx_word' id='word_1_235' title='bbox 1521 3777 1775 3830; x_wconf 78' lang='lat' dir='ltr'><strong>virorum.</strong></span> <span class='ocrx_word' id='word_1_236' title='bbox 1850 3777 1982 3832; x_wconf 91' lang='lat' dir='ltr'><strong>Wol</strong></span> <span class='ocrx_word' id='word_1_237' title='bbox 2021 3778 2113 3831; x_wconf 90' lang='lat' dir='ltr'><strong>ein</strong></span> <span class='ocrx_word' id='word_1_238' title='bbox 2136 3776 2292 3833; x_wconf 86' lang='lat' dir='ltr'><strong>Citat</strong></span> <span class='ocrx_word' id='word_1_239' title='bbox 2326 3795 2430 3833; x_wconf 88' lang='lat' dir='ltr'><strong>aus</strong></span> <span class='ocrx_word' id='word_1_240' title='bbox 2469 3779 2649 3834; x_wconf 90' lang='lat' dir='ltr'><strong>einem</strong></span> <span class='ocrx_word' id='word_1_241' title='bbox 2686 3778 2840 3834; x_wconf 84' lang='lat' dir='ltr'><strong>alten</strong></span> 
     </span>
     <span class='ocr_line' id='line_1_37' title="bbox 576 3861 2837 3932; baseline -0.001 -11"><span class='ocrx_word' id='word_1_242' title='bbox 576 3864 895 3922; x_wconf 70' lang='lat' dir='ltr'><strong>romischen</strong></span> <span class='ocrx_word' id='word_1_243' title='bbox 929 3862 1179 3928; x_wconf 89' lang='lat' dir='ltr'><strong>Dichter,</strong></span> <span class='ocrx_word' id='word_1_244' title='bbox 1217 3870 1364 3919; x_wconf 83' lang='lat' dir='ltr'><strong>etwa</strong></span> <span class='ocrx_word' id='word_1_245' title='bbox 1398 3863 1679 3924; x_wconf 86' lang='lat' dir='ltr'><strong>Lucilius;</strong></span> <span class='ocrx_word' id='word_1_246' title='bbox 1722 3861 1852 3917; x_wconf 83' lang='lat' dir='ltr'><strong>falls</strong></span> <span class='ocrx_word' id='word_1_247' title='bbox 1888 3862 2050 3917; x_wconf 85' lang='lat' dir='ltr'><strong>nicht</strong></span> <span class='ocrx_word' id='word_1_248' title='bbox 2088 3866 2203 3923; x_wconf 81' lang='lat' dir='ltr'><strong>(mit</strong></span> <span class='ocrx_word' id='word_1_249' title='bbox 2236 3865 2565 3932; x_wconf 88' lang='lat' dir='ltr'><strong>Buecheler)</strong></span> <span class='ocrx_word' id='word_1_250' title='bbox 2603 3881 2677 3920; x_wconf 87' lang='lat' dir='ltr'><strong>an</strong></span> <span class='ocrx_word' id='word_1_251' title='bbox 2712 3865 2837 3920; x_wconf 89' lang='lat' dir='ltr'><strong>eine</strong></span> 
     </span>
     <span class='ocr_line' id='line_1_38' title="bbox 576 3947 2840 4022; baseline -0.001 -16"><span class='ocrx_word' id='word_1_252' title='bbox 576 3950 996 4018; x_wconf 84' lang='lat' dir='ltr'><strong>Uebersetzung</strong></span> <span class='ocrx_word' id='word_1_253' title='bbox 1032 3949 1188 4004; x_wconf 87' lang='lat' dir='ltr'><strong>eines</strong></span> <span class='ocrx_word' id='word_1_254' title='bbox 1224 3947 1617 4019; x_wconf 81' lang='lat' dir='ltr'><strong>griechischen</strong></span> <span class='ocrx_word' id='word_1_255' title='bbox 1653 3948 1858 4002; x_wconf 79' lang='lat' dir='ltr'><strong>Verses</strong></span> <span class='ocrx_word' id='word_1_256' title='bbox 1897 3952 2060 4013; x_wconf 82' lang='lat' dir='ltr'><strong>(ctwa</strong></span> <span class='ocrx_word' id='word_1_257' title='bbox 2097 3958 2266 4022; x_wconf 75' lang='grc' dir='ltr'>σοφῶν</span> <span class='ocrx_word' id='word_1_258' title='bbox 2304 3951 2482 4021; x_wconf 75' lang='grc' dir='ltr'>φρένες</span> <span class='ocrx_word' id='word_1_259' title='bbox 2517 3951 2728 4021; x_wconf 73' lang='grc' dir='ltr'>ἀνδρῶν)</span> <span class='ocrx_word' id='word_1_260' title='bbox 2769 3964 2840 4003; x_wconf 85' lang='lat' dir='ltr'><strong>zu</strong></span> 
     </span>
     <span class='ocr_line' id='line_1_39' title="bbox 576 4035 2034 4092; baseline -0.002 0"><span class='ocrx_word' id='word_1_261' title='bbox 576 4035 804 4092; x_wconf 81' lang='lat' dir='ltr'><strong>denken</strong></span> <span class='ocrx_word' id='word_1_262' title='bbox 836 4036 928 4091; x_wconf 85' lang='lat' dir='ltr'><strong>ist.</strong></span> <span class='ocrx_word' id='word_1_263' title='bbox 2030 4070 2034 4073; x_wconf 26' lang='grc' dir='ltr'><strong><em>ι</em></strong></span> 
     </span>
     <span class='ocr_line' id='line_1_40' title="bbox 561 4119 2838 4182; baseline 0 -8"><span class='ocrx_word' id='word_1_264' title='bbox 561 4177 567 4182; x_wconf 77' lang='grc'><strong>,</strong></span> <span class='ocrx_word' id='word_1_265' title='bbox 713 4125 759 4175; x_wconf 88' lang='grc'><strong>2.</strong></span> <span class='ocrx_word' id='word_1_266' title='bbox 820 4121 877 4175; x_wconf 75' lang='lat' dir='ltr'><strong>in</strong></span> <span class='ocrx_word' id='word_1_267' title='bbox 919 4121 1162 4175; x_wconf 68' lang='lat' dir='ltr'><strong>historia.</strong></span> <span class='ocrx_word' id='word_1_268' title='bbox 1247 4120 1555 4177; x_wconf 89' lang='lat' dir='ltr'><strong>Vielleicht</strong></span> <span class='ocrx_word' id='word_1_269' title='bbox 1601 4135 1706 4174; x_wconf 92' lang='lat' dir='ltr'><strong>nur</strong></span> <span class='ocrx_word' id='word_1_270' title='bbox 1752 4119 1845 4175; x_wconf 89' lang='lat' dir='ltr'><strong>die</strong></span> <span class='ocrx_word' id='word_1_271' title='bbox 1892 4120 2179 4177; x_wconf 87' lang='lat' dir='ltr'><strong>Historien</strong></span> <span class='ocrx_word' id='word_1_272' title='bbox 2234 4122 2337 4177; x_wconf 87' lang='lat' dir='ltr'><strong>des</strong></span> <span class='ocrx_word' id='word_1_273' title='bbox 2396 4121 2627 4178; x_wconf 84' lang='lat' dir='ltr'><strong>Sallust.</strong></span> <span class='ocrx_word' id='word_1_274' title='bbox 2713 4120 2838 4176; x_wconf 91' lang='lat' dir='ltr'><strong>Birt</strong></span> 
     </span>
     <span class='ocr_line' id='line_1_41' title="bbox 576 4207 2649 4272; baseline -0.002 -7"><span class='ocrx_word' id='word_1_275' title='bbox 576 4209 631 4265; x_wconf 87' lang='lat' dir='ltr'><strong>S.</strong></span> <span class='ocrx_word' id='word_1_276' title='bbox 677 4211 750 4267; x_wconf 83' lang='grc'><strong>80,</strong></span> <span class='ocrx_word' id='word_1_277' title='bbox 777 4207 835 4262; x_wconf 84' lang='lat' dir='ltr'><strong>ff.</strong></span> <span class='ocrx_word' id='word_1_278' title='bbox 1069 4267 1072 4272; x_wconf 59' lang='grc'>,</span> <span class='ocrx_word' id='word_1_279' title='bbox 2640 4225 2649 4230; x_wconf 89' lang='grc'><em>·</em></span> 
     </span>
    </p>

    <p class='ocr_par' dir='ltr' id='par_1_16' title="bbox 712 4290 2206 4356">
     <span class='ocr_line' id='line_1_42' title="bbox 712 4290 2206 4356; baseline -0.003 -7"><span class='ocrx_word' id='word_1_280' title='bbox 712 4292 935 4349; x_wconf 87' lang='lat' dir='ltr'>CXCII.</span> <span class='ocrx_word' id='word_1_281' title='bbox 987 4290 1115 4348; x_wconf 84' lang='lat' dir='ltr'><strong>Wie</strong></span> <span class='ocrx_word' id='word_1_282' title='bbox 1152 4307 1214 4348; x_wconf 84' lang='lat' dir='ltr'><strong>es</strong></span> <span class='ocrx_word' id='word_1_283' title='bbox 1249 4291 1485 4356; x_wconf 87' lang='lat' dir='ltr'><strong>scheint,</strong></span> <span class='ocrx_word' id='word_1_284' title='bbox 1523 4307 1632 4346; x_wconf 90' lang='lat' dir='ltr'><strong>nur</strong></span> <span class='ocrx_word' id='word_1_285' title='bbox 1666 4291 1759 4346; x_wconf 89' lang='lat' dir='ltr'><strong>ein</strong></span> <span class='ocrx_word' id='word_1_286' title='bbox 1795 4291 1992 4347; x_wconf 85' lang='lat' dir='ltr'><strong>dicker</strong></span> <span class='ocrx_word' id='word_1_287' title='bbox 2026 4292 2206 4348; x_wconf 87' lang='lat' dir='ltr'><strong>Band.</strong></span> 
     </span>
    </p>

    <p class='ocr_par' dir='ltr' id='par_1_17' title="bbox 717 4375 2682 4448">
     <span class='ocr_line' id='line_1_43' title="bbox 717 4375 2682 4448; baseline 0 -17"><span class='ocrx_word' id='word_1_288' title='bbox 717 4381 762 4432; x_wconf 90' lang='lat'><strong>1.</strong></span> <span class='ocrx_word' id='word_1_289' title='bbox 812 4377 1105 4448; x_wconf 72' lang='lat' dir='ltr'><strong>multiplici</strong></span> <span class='ocrx_word' id='word_1_290' title='bbox 1136 4408 1204 4416; x_wconf 97' lang='lat'>—</span> <span class='ocrx_word' id='word_1_291' title='bbox 1240 4377 1445 4431; x_wconf 75' lang='lat' dir='ltr'><strong>tabella.</strong></span> <span class='ocrx_word' id='word_1_292' title='bbox 1517 4376 1647 4448; x_wconf 85' lang='lat' dir='ltr'><strong>Vgl.</strong></span> <span class='ocrx_word' id='word_1_293' title='bbox 1684 4376 1817 4431; x_wconf 86' lang='lat' dir='ltr'><strong>XIV</strong></span> <span class='ocrx_word' id='word_1_294' title='bbox 1860 4380 1970 4442; x_wconf 80' lang='grc'><strong>184,</strong></span> <span class='ocrx_word' id='word_1_295' title='bbox 2011 4381 2041 4429; x_wconf 88' lang='grc'><strong>2</strong></span> <span class='ocrx_word' id='word_1_296' title='bbox 2078 4377 2378 4446; x_wconf 88' lang='lat' dir='ltr'><strong>multiplici</strong></span> <span class='ocrx_word' id='word_1_297' title='bbox 2417 4407 2483 4416; x_wconf 90' lang='lat'><em>-</em></span> <span class='ocrx_word' id='word_1_298' title='bbox 2517 4375 2682 4446; x_wconf 88' lang='lat' dir='ltr'><strong>pelle.</strong></span> 
     </span>
    </p>
   </div>
  </div>
 </body>
</html>
