3192 5084
653 415 835 472 Xenis.
875 415 1083 487 (Epigr.
1119 415 1287 472 Liber
1311 414 1451 470 XIII
1486 415 1633 473 editt
1664 414 1978 473 December
2013 419 2078 470 84
2114 416 2253 474 oder
2288 418 2397 482 85).
2512 419 2631 483 291

1194 588 1418 655 CVIII.
1509 589 1812 654 Mulsum.

546 699 761 766 Attica
805 708 1173 767 nectareum
1218 700 1492 766 turbatis
1538 699 1735 766 mella
1778 698 2147 767 Falernum.

631 812 886 878 Misceri
930 810 1115 878 decet
1157 810 1279 877 hoc
1322 831 1363 878 a
1408 809 1788 896 Ganymede
1831 832 2094 879 merum.

1197 966 1369 1033 CIX.
1461 964 1800 1031 Albanum.

547 1076 685 1143 Hoc
730 1075 811 1143 de
856 1077 1194 1144 Caesareis
1238 1077 1413 1145 mitis
1457 1075 1787 1143 vindemia
1831 1076 2012 1144 cellis

632 1187 824 1266 Misit,
872 1188 1050 1256 Iuleo
1095 1207 1264 1272 quae
1308 1187 1434 1254 sibi
1476 1195 1693 1255 monte
1736 1188 1973 1274 placet.

1161 1341 1295 1409 CX.
1383 1341 1850 1408 Surrentinum.

545 1452 928 1520 Surrentina
971 1452 1183 1519 bibis?
1224 1472 1344 1520 nec
1386 1453 1671 1519 murrina
1712 1453 1887 1538 picta
1929 1474 2050 1521 nec
2094 1474 2318 1522 aurum

638 1562 858 1644 Sume:
907 1562 1155 1631 dabunt
1197 1563 1435 1630 calices
1480 1563 1643 1631 haec
1688 1564 1805 1630 tibi
1848 1565 2003 1632 vina
2047 1584 2214 1632 suos.

1184 1718 1356 1785 CXI.
1450 1719 1814 1784 Falernum.

551 1830 653 1897 De
697 1830 1108 1896 Sinuessanis
1153 1838 1465 1898 venerunt
1509 1831 1790 1897 Massica
1832 1829 2056 1917 prelis:

636 1939 911 2008 Condita
954 1960 1081 2025 quo
1126 1942 1385 2026 quaeris
1429 1942 1733 2008 consule?
1805 1941 2042 2008 Nullus
2087 1948 2242 2010 erat.

1155 2078 1404 2146 ·OX11.
1494 2079 1803 2144 Setinum.

550 2190 842 2258 Pendula
885 2191 1254 2277 Pomptinos
1298 2209 1465 2273 quae
1511 2196 1762 2275 spectat
1806 2189 1987 2256 Setia
2031 2210 2308 2276 campos,

636 2303 892 2387 Exigua
934 2302 1185 2368 vetulos
1230 2302 1405 2368 misit
1449 2301 1533 2368 ab
1579 2301 1737 2368 urbe
1783 2300 1996 2368 cados.

1141 2439 1379 2505 CXIII.
1473 2440 1874 2504 Fundanum.

552 2552 732 2617 Haec
776 2548 1093 2616 Fundana
1136 2550 1282 2615 tulit
1324 2548 1482 2616 felix
1527 2558 1871 2617 autumnus
1917 2550 2149 2636 Opimi.

639 2660 977 2747 Expressit
1018 2667 1296 2726 mustum
1341 2661 1563 2726 consul
1609 2668 1676 2726 et
1718 2662 1860 2745 ipse
1905 2660 2086 2728 bibit.

1143 2796 1368 2863 CXIV.
1467 2797 1874 2882 Tnfolinum.

554 2910 701 2976 Non
745 2928 884 2975 sum
929 2906 1012 2974 de
1056 2908 1279 2993 primo,
1325 2908 1553 2990 fateor,
1605 2907 1890 2975 trifolina
1933 2908 2176 2992 Lyae0,

642 3021 817 3088 Inter
859 3020 1011 3085 vina
1052 3027 1268 3086 tamen
1315 3020 1591 3105 septima
1633 3020 1787 3085 vitis
1832 3038 1959 3087 ero.

525 3191 725 3248 CVIII.
794 3192 1048 3246 Mulsum.
1120 3190 1446 3261 Marquardt
1482 3190 1590 3246 Prl.
1629 3193 1728 3245 314
1765 3192 1883 3246 und
1920 3193 2035 3244 443.

522 3277 667 3334 CIX.
716 3273 900 3335 Ueber
935 3277 1045 3335 den
1079 3276 1479 3334 Albanerwein
1515 3276 1843 3348 Marquardt
1879 3275 1992 3332 Prl.
2030 3277 2146 3344 433,
2182 3279 2333 3330 4-6.

522 3367 569 3419 2.
620 3366 791 3420 Iuleo-
860 3363 941 3419 Zu
975 3363 1056 3418 IX
1091 3367 1174 3429 35,
1211 3366 1258 3417 9.

522 3450 636 3506 CX.
685 3451 871 3508 Ueber
890 3450 1002 3506 den
1019 3449 1184 3507 Wein
1220 3464 1334 3504 von
1371 3447 1696 3505 Surrentum
1731 3448 2058 3519 Marquardt
2080 3448 2190 3504 Prl.
2230 3452 2354 3516 4353
2390 3449 2528 3506 iiber
2551 3449 2644 3507 die

381 3537 649 3607 dortigen
684 3536 894 3593 calices
927 3535 1062 3591 XIV
1102 3538 1198 3588 102
1235 3534 1500 3590 Bliimner
1536 3533 1589 3589 S.
1631 3536 1745 3589 118.

529 3625 571 3675 1.
612 3622 873 3676 murrina.
947 3621 1027 3677 Zu
1061 3621 1144 3676 III
1180 3622 1262 3686 26,
1300 3623 1346 3673 2.

526 3705 670 3763 CXI.
725 3707 841 3763 Der
888 3706 1156 3764 Falemer
1198 3705 1395 3762 wuchs
1444 3709 1475 3759 6
1528 3705 1744 3762 Millien
1790 3705 1998 3763 &stlich
2056 3723 2170 3763 von
2221 3705 2518 3772 Sinuessa3
2584 3708 2648 3762 in

381 3791 574 3848 seiner
606 3791 1041 3848 unmittelbaren
1073 3790 1233 3848 Niihe
1270 3790 1374 3847 auf
1403 3791 1531 3847 dem
1555 3808 1716 3849 mons
1740 3791 2017 3849 Massicus
2053 3792 2156 3849 das
2191 3792 2507 3857 Massicum,
2542 3792 2644 3848 das

385 3878 457 3934 M.
501 3876 621 3933 hier
655 3892 780 3932 zum
816 3876 1082 3933 Falerner
1115 3878 1361 3934 rechnet.
1433 3877 1761 3948 Marquardt
1795 3878 1903 3934 Prl.
1940 3880 2057 3944 434,
2094 3881 2143 3933 2.

527 3965 577 4015 2.
625 3961 704 4017 Zu
741 3962 827 4017 111
863 3965 944 4027 62,
983 3964 1032 4016 2.

525 4046 680 4103 CXII
720 4051 764 4101 1.
815 4048 1053 4102 Pmdula
1087 4077 1154 4087 —
1191 4048 1354 4103 Setia.
1427 4048 1508 4104 Zu
1529 4048 1710 4116 ΝΜ,
1736 4051 1799 4103 33
1828 4049 1947 4106 und
1968 4048 2641 4120 MarquardtPrl.433,18.

525 4132 712 4190 CXIII
752 4136 796 4187 1.
847 4134 1130 4188 Fundana.
1204 4133 1535 4203 Marquardt
1568 4134 1681 4191 Prl.
1722 4136 1839 4202 433,
1878 4137 1924 4189 8.

530 4222 573 4273 1.
630 4219 825 4290 Opimi.
898 4220 978 4274 Zu
1013 4219 1040 4274 Ι
1076 4222 1158 4284 26,
1196 4224 1244 4273 5.

525 4303 724 4360 CXIV.
786 4305 1133 4376 Trifolinum.
1208 4305 1313 4361 Ein
1351 4305 1777 4375 campanischer
1800 4305 1979 4362 Wein.
2039 4304 2364 4374 marquardt
2388 4304 2495 4360 Prl.
2523 4305 2643 4369 439,

381 4393 420 4443 9
455 4391 571 4447 und
613 4393 689 4446 10.

2136 4494 2232 4547 19*
