3192 5084
680 395 862 453 Xema
898 379 1102 465 (Epigr.
1129 393 1295 451 Liber
1329 392 1464 450 XIII
1499 393 1647 451 editt
1667 392 1978 452 December
2014 397 2079 449 84
2115 396 2253 453 oder
2288 398 2395 462 85).
2527 399 2663 463 279

1063 567 1321 633 XLVII.
1410 568 1623 632 Panes
1664 567 2003 633 Picentini.

579 680 914 748 Picentina
957 679 1151 746 Ceres
1196 680 1387 745 niveo
1431 679 1525 745 sic
1568 687 1827 747 nectare
1870 681 2115 760 erescit,

665 793 754 859 Ut
795 791 960 859 levis
1004 796 1272 876 accepta
1314 808 1604 875 spongea
1644 798 1859 876 turget
1901 811 2090 875 aqua.

1216 919 1514 986 XLVIII.
1606 920 1836 985 Boleti.

575 1033 926 1118 Argentum
971 1038 1165 1115 atque
1208 1050 1434 1097 aurum
1479 1029 1673 1096 facile
1717 1037 1816 1096 est
1855 1032 2239 1116 laenamque
2283 1039 2627 1118 togamque

659 1143 935 1210 Mittere:
983 1142 1230 1209 boletos
1273 1141 1528 1208 mittere
1573 1139 1841 1207 difficile
1886 1150 2004 1208 est.

1200 1270 1439 1336 XLIX.
1532 1270 1859 1334 Rcedula.

574 1383 734 1451 Cum
778 1402 882 1450 me
923 1380 1083 1449 ficus
1127 1380 1281 1461 alat,
1329 1400 1471 1447 cum
1516 1399 1748 1465 pascar
1792 1379 2087 1448 dulcibus
2132 1383 2293 1464 uvis,

659 1494 788 1561 Cur
832 1494 1046 1579 potius
1090 1511 1321 1559 nomen
1365 1511 1493 1558 non
1539 1490 1719 1559 dedit
1761 1512 1891 1559 uva
1933 1491 2132 1558 mihi?

1172 1623 1247 1688 L.
1349 1625 1582 1687 Terrae
1629 1623 1865 1686 tubera.

570 1735 945 1821 Rumpimus
989 1733 1278 1800 altricem
1323 1740 1542 1800 tenero
1587 1751 1757 1816 quae
1802 1732 2043 1799 vertice
2086 1740 2319 1799 terram

654 1847 944 1926 Tubera,‘
979 1845 1213 1912 boletis
1257 1863 1450 1929 poma
1491 1843 1780 1911 secunda
1822 1862 2059 1911 sumus.

1083 1981 1192 2047 LI.
1294 1983 1648 2046 Turdorum
1691 1981 1968 2046 decuria.

568 2098 778 2163 Texta
822 2096 984 2161 rosis
1027 2093 1302 2161 fortasse
1347 2092 1463 2159 tibi
1508 2094 1614 2160 vel
1659 2091 1861 2159 divite
1902 2091 2124 2173 narde,

643 2208 729 2275 At
771 2205 928 2272 mihi
974 2204 1056 2272 de
1100 2202 1306 2271 turdis
1349 2203 1524 2272 faeta
1566 2223 1801 2271 corona
1845 2204 2079 2290 placet.

1269 2341 1405 2406 LII.
1497 2343 1761 2406 Anates.

566 2455 731 2519 Tota
775 2452 1033 2536 quidem
1077 2459 1354 2538 ponatur
1396 2470 1585 2532 anas3
1634 2451 1752 2518 sed
1796 2460 2052 2537 peetore
2096 2459 2341 2521 tantum

649 2565 732 2631 Et
775 2563 1026 2630 cervice
1069 2563 1266 2649 sapit:
1318 2569 1532 2629 cetera
1573 2561 1777 2629 redde
1821 2581 1987 2629 coco.

1212 2699 1389 2764 LIII.
1490 2701 1815 2764 Tzcrtures.

566 2813 725 2879 Cum
770 2809 1031 2896 pinguis
1075 2808 1230 2874 mihi
1276 2816 1482 2876 turtur
1526 2809 1670 2888 erit,
1719 2807 1973 2875 lactuca
2015 2808 2296 2877 valebis:

649 2924 733 2989 Et
777 2920 1030 2989 cocleas
1072 2920 1190 2986 tibi
1234 2918 1422 2987 habe.
1496 2918 1779 2986 Perdere
1822 2919 1970 2987 nolo
2014 2919 2273 2986 famem.

528 3076 771 3132 XLVIII
813 3078 855 3128 l.
915 3074 996 3130 Zu
1032 3072 1140 3129 XII
1176 3076 1259 3139 66,
1300 3076 1344 3129 7;

526 3195 726 3251 XLIX.
788 3194 985 3251 Isidor.
1022 3193 1209 3264 OrIgg.
1245 3191 1353 3247 XII
1391 3197 1437 3260 7,
1482 3195 1544 3246 73
1586 3192 1745 3258 ,Cum
1781 3208 1867 3250 me
1907 3222 1967 3233 —
2007 3210 2121 3250 uva
2155 3193 2325 3250 mihi!

527 3334 752 3391 XLVII.
806 3330 1226 3389 PicentinIsche
1261 3330 1466 3387 Brode.
1540 3330 1686 3387 Plin.
1738 3330 1804 3386 N.
1853 3332 1905 3387 h.
1950 3331 2145 3387 XVIII
2195 3333 2291 3385 106
2337 3332 2506 3388 durat
2540 3347 2643 3388 sua

392 3421 604 3476 Piceno
650 3421 712 3476 in
754 3419 920 3488 panis
966 3417 1316 3473 inventione·
1341 3415 1525 3486 gratia
1583 3432 1654 3473 ex
1719 3417 1899 3473 alicae
1946 3416 2181 3474 materia
2236 3423 2343 3473 etc.
2397 3416 2646 3475 Macrob.

394 3505 614 3563 Saturn.
649 3505 736 3561 III
777 3506 855 3557 13.
926 3501 1306 3561 Becker-(3611
1341 3502 1426 3557 III
1461 3505 1578 3556 365.

534 3595 581 3647 1.
633 3585 785 3646 nicio
817 3621 888 3630 —
921 3595 1148 3645 nectare.
1222 3587 1444 3656 Pfln.„l.
1480 3588 1517 3643 l.
1562 3603 1745 3660 neque
1790 3596 1880 3645 est
1923 3604 1993 3645 ex
2030 3604 2098 3645 eo
2138 3593 2315 3659 (pane)
2348 3589 2509 3647 cibus
2532 3590 2644 3645 nisi

394 3676 732 3743 madefacto,
769 3675 922 3747 quod
959 3674 1025 3732 fit
1057 3675 1208 3731 lacte
1244 3674 1480 3731 mmme
1515 3673 1715 3732 mulso.

532 3761 771 3818 XLVIII
827 3764 875 3818 1.
932 3764 1232 3832 Arymtum
1266 3766 1425 3831 atque
1461 3778 1667 3815 aarum.
1739 3757 1917 3816 Gold-
1963 3761 2079 3817 und
2126 3758 2518 3818 Silbersachen
2566 3760 2653 3816 als

396 3846 1075 3916 Saturnaliengeschenke
1111 3845 1201 3906 SG
1236 3845 1323 3901 III
1362 3848 1475 3900 146.
1505 3843 1513 3851 '
1694 3847 1742 3901 2.
1793 3847 1999 3901 boletos.
2070 3846 2150 3902 Zu
2184 3846 2213 3901 I
2248 3849 2330 3913 20,
2368 3849 2417 3900 2.
2492 3845 2649 3902 Ohne

392 3931 623 3990 Zwelfel
647 3947 836 3988 waren
872 3931 956 3989 sle
989 3947 1094 3988 nur
1125 3933 1220 3990 bei
1254 3932 1534 4003 gewissen
1567 3930 1961 4002 Witterungen
1998 3947 2068 3988 zu
2102 3931 2303 3988 haben.

532 4019 598 4074 L.
649 4019 848 4072 tubera.
921 4016 1172 4074 Trflffeln
1212 4018 1378 4084 (doch
1417 4018 1686 4075 schelnen
1722 4017 1814 4074 die
1838 4017 2163 4074 schwarzen
2197 4017 2309 4073 den
2330 4014 2509 4072 Alten
2542 4031 2649 4069 un-

394 4107 647 4165 bekannt
681 4118 948 4175 gewesen
982 4120 1052 4159 zu
1088 4104 1226 4161 sein.
1297 4104 1625 4174 Marquardt
1656 4103 1766 4159 Prl.
1804 4106 1939 4168 316).

527 4192 601 4247 LI
641 4194 685 4247 1.
729 4190 915 4244 nardo.
966 4188 1095 4260 Vgl.
1132 4189 1273 4245 Plln.
1307 4189 1379 4245 N.
1420 4190 1474 4246 h.
1514 4189 1654 4245 XXI
1694 4192 1772 4246 11.
1845 4191 1893 4244 2.
1935 4189 2067 4259 Vgl.
2105 4188 2189 4243 111
2226 4188 2307 4252 47,
2350 4188 2427 4238 10.

526 4276 660 4332 LIII
697 4277 746 4331 2.
802 4275 1027 4345 perdere
1070 4276 1191 4329 nolo
1229 4298 1289 4321 =-·
1335 4274 1471 4332 XIV
1511 4278 1554 4341 1,
1609 4277 1668 4327 12
1719 4274 1914 4340 (durch
1966 4275 2057 4330 die
2105 4271 2381 4343 gustatio,
2432 4287 2503 4326 zu
2548 4271 2650 4327 der

394 4363 621 4420 lactuca
654 4361 770 4417 und
808 4360 1036 4418 cocleae
1071 4360 1348 4430 gebeton).
