3192 5084
528 411 652 476 234
1342 408 1416 463 M.
1457 406 1671 463 Valerii
1706 407 1980 464 Martialis

783 557 1054 647 Accedit
1096 579 1385 664 gelidam
1429 598 1658 647 servus
1703 580 1790 646 ad
1836 579 2211 660 auriculam,

697 692 781 757 Et
825 692 1065 775 »Rogat
1107 699 1179 758 ut
1222 710 1438 757 seeum
1484 691 1678 758 eenes
1723 692 2089 758 Laetorius«
2133 692 2361 775 inquit.

781 802 1030 887 Viginti
1074 803 1392 868 nummis?
1433 823 1562 869 non
1607 822 1757 888 ego:
1804 805 1972 868 malo
2016 803 2273 884 famem,
2404 797 2411 806 ’

574 921 647 976 15
753 934 902 979 uam
949 915 1035 980 sit
1078 934 1239 980 eena
1281 913 1458 995 mihi,
1507 914 1626 994 tibi
1671 916 1757 983 sit
1798 915 2132 1000 provincia
2174 933 2443 994 meroes,

781 1026 866 1091 Et
908 1024 1221 1092 faciamus
1264 1025 1459 1106 idem,
1505 995 1627 1093 nge
1668 1046 2030 1102 mereamur
2072 1024 2265 1091 idem.
2322 1066 2349 1141 Ι
2367 1066 2541 1234 30(

1516 1190 1788 1255 XXVII.

695 1300 752 1364 A
796 1299 1153 1366 latronibus
1200 1319 1345 1367 esse
1389 1307 1454 1366 te
1503 1299 1780 1367 fututam

694 1411 891 1490 Dicis,
940 1411 1209 1486 Saenia:
1259 1410 1377 1479 sed
1420 1419 1664 1495 negant
1705 1414 2012 1477 latrones.

1500 1591 1807 1656 xxvm
1845 1570 2107 1693 rm

689 1704 847 1769 Poto
891 1722 1014 1788 ego
1059 1709 1406 1782 sextantes,
1454 1709 1523 1768 tu
1569 1709 1807 1787 potas,
1826 1702 2052 1782 Cinna,
2108 1701 2408 1780 deunees‚

777 1815 860 1880 Et
904 1833 1193 1898 querens
1191 1803 1410 1897 quod
1452 1834 1597 1893 non,
1647 1813 1873 1891 Cinna,
1919 1793 2233 1880 bibamus
2262 1812 2477 1879 idem?
2518 1827 2635 1907 ’ἢ
2676 1818 2765 1927 3

1525 1977 1751 2041 XXIX
1758 1963 1832 2065 s
1860 1974 1927 2057 1
1946 1962 2005 2057 {f

592 2166 601 2174 ,
691 2089 1132 2173 Hermogenes
1176 2095 1396 2154 tantus
1440 2108 1840 2174 mapparum,
1889 2087 2170 2166 Pontice,
2218 2087 2324 2153 fur
2368 2095 2485 2167 est,

775 2197 1067 2277 Quantus
1111 2220 1512 2266 nummorum
1556 2201 1687 2280 viX,
1735 2206 1913 2283 puto,
1962 2199 2181 2264 Massa
2226 2197 2368 2264 fuit.

689 2313 789 2377 Tu
835 2312 985 2378 lieet
1029 2311 1334 2377 observes
1380 2311 1675 2378 dextram
1719 2317 2074 2393 teneasque
2119 2310 2463 2391 sinistram,

771 2423 803 2487 1
848 2423 1083 2503 veniet,
1131 2442 1435 2508 mappam
1479 2442 1612 2506 qua
1653 2423 1901 2488 ratione
1944 2421 2191 2508 trahat:

605 2541 640 2596 5
688 2443 1003 2600 Cere-inus
1045 2533 1333 2619 gelidum
1379 2533 1599 2600 sorbet
1641 2534 1734 2599 sie
1776 2533 2020 2599 halitus
2065 2552 2362 2617 anguem,

721 2625 886 2656 ’ξ’-κ

650 2747 866 2803 XXVII
902 2749 949 2800 2.
989 2746 1194 2804 Saenia
1230 2747 1407 2803 δῶκ’
1475 2746 1648 2803 Senia
1682 2747 1818 2801 oodd
1850 2746 2045 2813 (w)
2084 2748 2185 2801 Ser
2222 2748 2407 2801 Solam.

648 2832 839 2888 XXIX
872 2835 1038 2906 (fehlt
1074 2833 1132 2887 in
1168 2833 1694 2890 RTEXABOFV
1725 2833 1924 2900 Vind3)
2000 2836 2046 2887 1.
2086 2833 2326 2889 Pontico
2361 2834 2489 2889 Αἶά.
2524 2842 2653 2890 1501
2683 2840 2781 2892 etc.

501 2920 652 2991 fehlt
687 2920 745 2974 in
781 2921 920 2982 PQg
989 2919 1204 2976 credite
1248 2922 1295 2973 Ο
1362 2919 1602 2975 Maxime
1639 2939 1675 2990 φ
1701 2920 1807 2984 (ed.
1846 2921 2070 2974 Fer-rar.
2116 2924 2291 2985 1471).

655 3094 734 3146 14.
802 3088 1013 3161 Viginti
1043 3090 1285 3144 nunnm‘a
1339 3090 1453 3146 Fur
1489 3092 1554 3142 20
1592 3088 1886 3146 Sesterzen
1922 3112 1986 3135 =
2024 3091 2146 3154 4‚35
2181 3089 2356 3145 Mark.
2420 3087 2637 3152 Wenn‚
2677 3091 2787 3145 wie

512 3174 601 3231 SG
635 3176 664 3230 I
700 3178 801 3229 394
836 3190 1242 3245 angenommen
1277 3176 1380 3240 ist,
1435 3176 1528 3232 die
1572 3176 1941 3244 Bewirthung
1988 3175 2091 3231 des
2138 3174 2431 3230 einzelnen
2475 3173 2681 3231 Gastes
2718 3192 2784 3233 so

510 3262 623 3318 viel
658 3260 910 3325 hostete,
960 3277 1025 3316 so
1061 3264 1209 3317 wiire
1244 3262 1368 3318 dies
1402 3261 1564 3317 nieht
1597 3262 1800 3332 wenig,
1838 3261 1955 3317 und
1989 3260 2111 3315 M.’s
2146 3259 2487 3328 Anspruehe
2524 3262 2785 3317 ziemlioh

512 3348 661 3404 hohe
698 3362 975 3417 gewesen.

652 3437 731 3487 15.
772 3435 852 3486 16.
906 3432 1011 3488 Als
1088 3448 1182 3489 ass
1217 3431 1311 3487 ioh
1347 3431 1439 3488 fur
1474 3431 1767 3488 dieselben
1801 3432 2149 3501 Leistungen
2184 3429 2288 3486 mit
2322 3430 2476 3485 einer
2510 3429 2784 3488 Mahlzeit

511 3517 843 3589 abgespeist
870 3533 985 3573 wer
1026 3532 1076 3583 e,
1116 3515 1209 3574 fflr
1242 3517 1456 3574 welche
1491 3518 1571 3574 du
1607 3518 1731 3573 eine
1766 3517 2008 3572 Provinz
2043 3515 2298 3571 erhaltst.

647 3602 896 3659 XXVIII
935 3607 981 3657 1.
1044 3608 1308 3658 sextantes
1341 3633 1412 3643 —
1445 3605 1681 3657 deuncos.
1750 3602 1822 3659 Je
1859 3603 1890 3654 2
1924 3602 2044 3658 und
2083 3605 2138 3655 11
2183 3602 2392 3673 cyathi.
2453 3603 2791 3674 Marquardt

507 3689 620 3745 Prl.
657 3692 773 3743 325.
832 3688 1327 3746 Ausnahmsweise
1363 3689 1755 3760 entsehuldigt
1789 3688 1861 3744 M.
1898 3688 2046 3753 hier,
2090 3703 2209 3743 was
2254 3703 2315 3743 er
2360 3696 2523 3745 sonst
2563 3690 2779 3747 liberall

511 3775 696 3831 tadelt
735 3779 827 3844 (zu
861 3776 890 3830 I
925 3777 1034 3839 20),
1082 3776 1218 3833 dass
1266 3776 1366 3831 der
1399 3772 1585 3829 Wirth
1632 3774 1879 3830 anderen
1912 3773 2079 3830 Wein
2115 3773 2291 3830 trinkt
2338 3775 2424 3832 als
2461 3776 2553 3832 die
2589 3775 2783 3842 Gitste,

512 3861 616 3917 mit
650 3862 750 3918 der
784 3860 1319 3919 Unversehlimtheit
1354 3862 1454 3917 der
1488 3860 1743 3916 letztern.

648 3946 868 4002 XXIX1
910 3949 956 4000 2.
1007 3948 1212 4002 Massa.
1294 3945 1788 4003 Wahrseheinlieh
1829 3946 2078 4004 Baebius
2111 3947 2321 4012 Massa,
2383 3947 2485 4003 der
2526 3947 2613 4004 als
2649 3963 2785 4017 pro-

516 4033 718 4090 consu]
754 4049 870 4089 von
893 4033 1134 4089 Baetica
1158 4036 1224 4087 93
1251 4033 1321 4089 de
1345 4033 1672 4103 repetundis
1709 4033 2018 4104 angeklagt
2051 4033 2169 4089 und
2203 4032 2538 4089 vernrtheilt
2570 4033 2783 4089 wurde.

511 4118 820 4176 Mommsen
855 4119 983 4176 Ind.
1022 4118 1168 4175 Plin.

653 4207 704 4258 5.
766 4203 913 4260 Plln.
961 4206 1029 4262 N.
1073 4206 1125 4261 h.
1162 4204 1246 4259 XI
1293 4207 1395 4259 279
1439 4205 1888 4274 Elephantorum
1940 4206 2127 4261 anima
2179 4209 2472 4274 serpentes
2524 4203 2785 4270 extrahit,

510 4305 804 4346 cervorum
844 4291 975 4347 urit.
1013 4289 1265 4346 XXVIII
1304 4291 1401 4344 149
1437 4291 1612 4347 exitio
1650 4292 1742 4347 his
1783 4291 2171 4360 (serpentibus)
2223 4305 2349 4347 esse
2386 4304 2584 4344 cervos
2619 4305 2787 4346 nemo

508 4376 751 4447 ignorat,
787 4383 868 4442 ut,
907 4377 955 4433 si
993 4391 1140 4445 quae
1178 4382 1326 4441 sunt,
1367 4381 1654 4432 extractas
1692 4377 1948 4433 cavernis
1983 4376 2322 4454 mandentis.
