3192 5084
667 405 847 462 Xenis
885 406 1095 476 (Epigr.
1136 405 1304 463 Liber
1338 405 1478 461 XIII
1515 406 1664 462 editt
1697 405 2008 472 December
2045 407 2109 459 84
2148 408 2285 463 oder
2321 408 2419 472 85).
2548 410 2665 473 271

660 579 741 646 Et
784 578 983 645 faoiet
1025 580 1272 644 lucrum
1318 578 1671 664 bibliopola
1716 578 2043 663 Tryphon.

489 698 526 754 5
576 691 756 756 Haeo
799 689 952 756 lieet
995 688 1356 775 hospitibus
1400 710 1516 774 pro
1557 709 1827 756 munere
1873 689 2151 757 disticha
2195 691 2439 770 mittas,

661 801 733 867 Si
778 801 896 868 tibi
942 809 1074 868 tam
1120 820 1319 880 rarus,
1371 820 1565 884 quam
1610 800 1791 883 mihi,
1842 821 2139 868 nummus
2184 804 2322 868 erit.

572 912 816 979 Addita
860 932 976 997 per
1016 912 1238 980 titulos
1284 932 1404 979 sua
1448 914 1707 979 nomina
1752 912 1944 979 rebus
1991 914 2290 980 habebis:

659 1026 1057 1106 Praetorem,
1107 1025 1163 1089 si
1211 1023 1367 1107 quid
1410 1044 1537 1090 non
1584 1023 1739 1092 facit
1784 1023 1870 1090 ad
1913 1024 2328 1092 stomachum.

829 1235 836 1242 .
1355 1179 1465 1243 IV.
1567 1181 1710 1243 Tus.

573 1289 771 1356 Serus
816 1297 887 1357 ut
932 1290 1261 1358 aetheriae
1309 1290 1733 1356 Germanicus
1778 1292 2050 1375 imperet
2094 1291 2288 1358 aulae

660 1402 878 1486 thue
922 1400 1036 1468 diu
1081 1402 1292 1484 terris,
1343 1400 1429 1467 da
1474 1402 1585 1487 pia
1630 1408 1776 1468 tura
1817 1402 1973 1468 Iovi.

1341 1539 1414 1602 V.
1505 1540 1724 1623 Piper.

581 1650 789 1716 Cerea
832 1668 1001 1733 quae
1046 1649 1270 1733 patulo
1316 1649 1488 1717 lueet
1532 1650 1811 1717 fieedula
1852 1650 2087 1730 lumbo,

661 1761 823 1828 Cum
867 1760 985 1826 tibi
1032 1767 1202 1828 sorte
1247 1760 1460 1844 datur,
1511 1763 1567 1828 si
1611 1763 1810 1847 sapis,
1857 1761 2029 1828 adde
2073 1764 2279 1848 piper.

1320 1899 1426 1965 VI.
1518 1900 1733 1964 Alica.

569 2010 705 2076 Nos
751 2010 1009 2092 alicam,
1059 2011 1293 2096 poterit
1336 2010 1615 2076 mulsum
1659 2011 1778 2078 tibi
1823 2012 2076 2078 mittere
2122 2010 2323 2079 dives.

655 2120 725 2188 Si
771 2122 890 2189 tibi
934 2122 1214 2189 noluerit
1257 2123 1511 2189 mittere
1555 2121 1764 2204 dives,
1816 2142 2008 2189 emes.

1309 2260 1449 2326 VII.
1541 2262 1744 2326 Faba.

554 2370 639 2438 si
684 2379 938 2455 spumet
981 2372 1177 2438 rubra
1222 2371 1480 2438 conchis
1526 2371 1645 2438 tibi
1689 2371 1943 2456 pallida
1987 2381 2170 2454 testa,

656 2482 1008 2549 Lautorum
1053 2483 1229 2549 oenis
1276 2501 1476 2569 saepe
1520 2502 1764 2568 negare
1807 2494 2010 2569 potes.

1319 2635 1498 2701 VIII.
1593 2639 1747 2702 Far.

570 2745 794 2811 Imbue
837 2745 1133 2830 plebeias
1178 2745 1462 2812 Clusinis
1508 2747 1798 2831 pultibus
1842 2749 2025 2827 ollas,

656 2856 746 2924 Ut
788 2864 968 2923 satur
1010 2857 1078 2922 in
1122 2859 1347 2923 vacuis
1393 2857 1610 2924 dulcia
1655 2864 1869 2925 musta
1914 2858 2116 2925 bibas.

537 3026 591 3082 V
626 3028 674 3081 2.
711 3033 862 3084 sorte
911 3029 1362 3091 TQEXABFG
1389 3030 1529 3083 δώῃ
1600 3028 1746 3086 forte
1784 3031 1963 3099 ωδε-ν.

525 3112 625 3169 VI.
687 3113 916 3168 Lemma
973 3113 1141 3171 Alica
1186 3115 1338 3169 TRm
1406 3114 1610 3170 Halios.
1655 3116 2050 3171 EXABO'FO
2104 3115 2289 3169 Vind³
2363 3120 2408 3169 1.
2451 3117 2655 3173 alioam

397 3200 623 3271 Eporod
642 3222 700 3253 ω.
772 3198 979 3256 alioum
1005 3202 1063 3255 R
1111 3200 1354 3258 halicarn
1379 3200 1774 3256 EXABCFO
1814 3200 1987 3256 Vind³
2057 3202 2102 3255 2.
2142 3216 2292 3257 emes
2319 3203 2516 3257 RTM
2531 3205 2670 3258 Solen

400 3286 538 3342 emis
577 3287 676 3349 PQ
747 3300 868 3341 eme
906 3286 1117 3341 EAFm
1146 3287 1258 3340 Sor.

535 3445 582 3496 4.
631 3442 898 3513 Tryphon.
970 3441 1052 3497 Zu
1085 3441 1169 3497 IV
1205 3444 1289 3510 72,
1329 3444 1378 3496 2.

534 3530 581 3580 8.
605 3527 758 3599 facit
792 3527 866 3581 ad
895 3528 1233 3581 stmnachum.
1308 3526 1422 3583 cie.
1462 3528 1536 3584 ad
1572 3525 1702 3583 fam.
1739 3527 1848 3584 VII
1888 3531 1933 3593 1,
1973 3530 2020 3581 2.
2096 3527 2243 3584 Plin.
2273 3528 2418 3600 Epp.
2449 3531 2586 3596 124,
2616 3533 2665 3586 3.

397 3613 531 3668 Hier
566 3612 984 3682 doppelsinnig.

536 3698 617 3754 IV
669 3701 713 3750 1.
776 3698 1040 3752 aetheriae
1082 3728 1153 3738 —
1200 3700 1373 3753 aulae.
1454 3698 1742 3755 Aehnlleh
1791 3700 1934 3756 Stat.
1980 3698 2038 3755 S.
2102 3700 2131 3754 I
2180 3704 2231 3766 1,
2286 3705 2382 3755 106
2452 3718 2560 3758 neo
2609 3710 2667 3759 te

396 3783 541 3838 eseli
572 3782 741 3852 Juvet
774 3782 921 3838 aula.
1250 3786 1615 3840 Germanicus.
1687 3785 1768 3840 Zu
1802 3784 1859 3839 II
1896 3789 1947 3849 2,
1988 3788 2036 3838 3.

533 3867 584 3923 V
602 3871 650 3922 2.
685 3872 854 3921 corte.-
891 3867 984 3925 bei
1003 3868 1158 3926 einer
1174 3870 1536 3940 Verloosung
1554 3886 1670 3926 von
1687 3868 2078 3941 Apophoreta.
2132 3870 2449 3941 Vgl.unten
2473 3871 2526 3928 S.
2546 3875 2663 3928 294.

533 3953 613 4009 VI
656 3956 699 4005 1.
749 3953 956 4009 alicam.
1005 3955 1309 4021 zallam
1333 3956 1452 4012 und
1487 3954 1599 4011 XII
1636 3959 1721 4021 81,
1762 3960 1815 4010 3.
1852 3957 2095 4011 mulsum.
2151 3956 2608 4026 MarquardtPrl.
2640 3958 2666 4012 1

399 4043 521 4095 314.
594 4040 805 4096 Beides
829 4040 1065 4108 gehbrte
1101 4057 1199 4096 zur
1234 4043 1506 4112 gustatio.

533 4126 642 4183 VII
685 4128 729 4179 1.
780 4126 946 4179 rubra
978 4155 1047 4166 —
1085 4131 1231 4181 testa.
1304 4128 1446 4186 ZuI
1485 4130 1567 4192 53,
1606 4130 1654 4182 6.
1964 4127 2186 4182 mesia.
2258 4127 2339 4182 Zu
2374 4127 2426 4182 V
2463 4131 2542 4192 39,
2590 4133 2663 4184 10.

534 4212 674 4268 VIII
713 4214 757 4264 1.
830 4211 1062 4266 Clusinis
1101 4213 1363 4281 pultibus.
1438 4213 1581 4268 Plin.
1618 4213 1687 4269 N.
1730 4212 1781 4268 h.
1819 4210 2011 4268 XVIII
2048 4215 2113 4267 66
2150 4212 2211 4268 in
2258 4211 2669 4282 Transpadana

394 4298 565 4354 Italia
612 4300 736 4356 solo
783 4298 1017 4353 vicenas
1042 4299 1245 4367 quinas
1282 4298 1456 4355 libras
1493 4298 1658 4355 farris
1696 4299 1917 4355 modios
1951 4300 2201 4368 pendere
2238 4299 2391 4354 circa
2415 4298 2667 4357 Clusium

391 4392 454 4443 et
490 4402 672 4444 senas.
743 4384 875 4455 Vgl.
918 4383 1208 4441 Columell.
1248 4385 1304 4441 II
1341 4389 1390 4450 6,
1430 4389 1478 4439 3.
1555 4385 1788 4443 Gilbert.
