3192 5084
904 401 1369 472 Epigrammaton
1402 401 1572 458 Liber
1607 401 1746 457 VIII
1790 401 1953 465 (editt
1988 405 2089 469 93).
2559 407 2638 468 15

388 585 469 640 10
622 576 768 641 Nec
808 574 1064 640 Miletos
1109 582 1249 640 erat
1292 574 1536 639 vellere
1582 573 1783 658 digna
1825 582 1960 641 tue.

531 688 718 753 Lilia
760 693 826 751 tu
870 686 1078 752 vincis
1121 705 1242 751 nec
1287 684 1500 751 adhuc
1543 684 1815 770 delapsa
1860 686 2152 770 ligustra,

627 799 716 864 Et
744 799 1083 863 Tiburtino
1127 803 1343 862 monte
1387 795 1560 880 quod
1605 796 1785 863 albet
1829 797 2018 877 ebur;

538 910 904 994 Spartanus
945 909 1066 975 tibi
1110 907 1299 974 cedet
1342 908 1480 974 olor
1507 909 1929 993 Paphiaeque
1974 909 2327 989 columbae,

632 1020 837 1087 Cedet
879 1020 1255 1104 Erythraeis
1301 1027 1486 1085 eruta
1528 1040 1788 1104 gemma
1830 1020 2045 1100 vadis3

402 1143 489 1197 15
544 1131 685 1200 Sed
727 1133 879 1198 licet
922 1132 1086 1197 haec
1127 1132 1352 1216 primis
1396 1132 1656 1197 nivibus
1701 1133 1830 1198 sint
1873 1132 2133 1198 aemula
2179 1132 2367 1213 dona,

630 1246 778 1310 Non
823 1249 973 1308 sunt
1015 1242 1365 1309 Parthenio
1411 1242 1788 1309 candidiora
1833 1262 1973 1309 suo,

542 1358 694 1422 Non
738 1375 860 1438 ego
903 1354 1320 1439 praetulerim
1365 1354 1738 1438 Babylonos
1783 1356 1958 1440 picta
2001 1356 2322 1440 superbae

631 1468 861 1546 Texta,
915 1465 1302 1531 Semiramia
1346 1485 1515 1549 quae
1559 1467 1894 1532 variantur
1937 1486 2088 1548 acu3

542 1580 692 1644 Non
732 1578 1162 1644 Athamanteo
1205 1579 1421 1662 potius
1465 1596 1569 1642 me
1613 1578 1807 1643 mirer
1849 1579 1917 1643 in
1970 1599 2144 1658 auro,

407 1699 491 1755 20
631 1690 927 1755 Aeolium
973 1688 1174 1754 dones
1218 1690 1275 1753 si
1320 1688 1498 1769 mihi,
1544 1688 1806 1769 Phrixe,
1857 1710 2073 1775 pecus.

544 1801 601 1868 Ο
649 1808 922 1885 quantos
965 1801 1133 1866 risus
1180 1800 1424 1885 pariter
1465 1809 1759 1884 spectata
1800 1802 2085 1868 movebit

636 1913 797 1979 Cum
843 1912 1146 1978 Palatina
1190 1917 1411 1976 nostra
1454 1912 1718 1978 lacerna
1759 1916 1941 1996 toga!

1389 2049 1635 2114 XXIX.

544 2161 846 2228 Disticha
890 2160 1000 2243 qui
1046 2160 1286 2241 scribit,
1331 2169 1512 2245 puto,
1560 2163 1702 2225 vult
1744 2160 2062 2227 brevitate
2107 2162 2386 2246 placere.

641 2270 816 2351 Quid
858 2271 1123 2357 prodest
1165 2272 1472 2350 brevitas,
1520 2271 1626 2338 dic
1670 2272 1851 2355 mihi,
1900 2274 1957 2338 si
2002 2272 2169 2338 liber
2212 2276 2351 2338 est?

624 2470 639 2485 .
1399 2409 1616 2475 XXX.

548 2521 679 2599 Qui
725 2541 896 2586 nunc
940 2520 1305 2586 Caesareae
1347 2523 1529 2586 lusus
1575 2528 1904 2606 spectatur
1947 2521 2250 2601 harenae,

638 2631 1067 2716 Temporibus
1109 2632 1294 2698 Bruti
1338 2632 1550 2716 gloria
1592 2651 1844 2697 summa
1886 2632 2026 2697 fuit.

546 2745 826 2828 Aspicis,
874 2751 946 2809 ut
989 2750 1208 2809 teneat
1250 2743 1544 2808 flammas
1589 2763 1930 2828 poenaque
1972 2743 2224 2810 fruatur

636 2856 849 2921 Fortis
893 2861 959 2919 et
1003 2854 1272 2921 attonito
1317 2863 1544 2939 regnet
1586 2856 1657 2919 in
1701 2856 1852 2939 igne
1896 2859 2152 2920 manus!

469 2978 504 3032 5
553 2968 707 3052 Ipse
751 2967 851 3032 sui
897 2972 1221 3050 spectator
1264 2965 1450 3031 adest
1495 2973 1559 3032 et
1603 2966 1820 3032 nobile
1865 2966 2132 3032 dextrae

516 3120 769 3177 XXVIII
808 3121 887 3174 12.
925 3119 1081 3176 albet
1113 3120 1272 3173 achon
1307 3120 1385 3174 D.
1407 3120 1673 3176 Calderin.
1746 3119 1902 3191 alget
1938 3121 2071 3174 codd
2105 3120 2285 3190 (algas
2325 3122 2406 3182 Q).

524 3279 606 3332 10.
640 3275 826 3332 Ueber
861 3275 955 3331 die
990 3274 1310 3330 milesische
1346 3272 1810 3343 Purpurfarberei
1845 3275 2146 3331 Bluemner
2180 3273 2238 3330 S.
2278 3278 2362 3329 33.

524 3363 606 3416 11.
643 3360 795 3414 Lilia
828 3390 899 3399 —
934 3360 1178 3431 liquatra.
1241 3359 1371 3430 Vgl.
1412 3360 1439 3414 Ι
1476 3362 1590 3426 115,
1629 3364 1675 3414 3.

523 3448 605 3500 12.
640 3445 721 3501 zn
756 3444 839 3500 IV
873 3448 956 3511 62,
998 3447 1041 3501 ι.

530 3535 612 3584 14.
666 3550 900 3603 9emma:
949 3531 1127 3587 Perle.
1167 3532 1423 3600 Propert.
1464 3532 1493 3587 I
1534 3534 1613 3596 14,
1650 3532 1681 3582 2
1717 3530 1792 3587 Et
1825 3530 2032 3601 legitur
2077 3532 2260 3588 rubris
2294 3547 2516 3602 gemma
2549 3532 2656 3589 sub

384 3619 745 3689 aequoribus.

526 3701 848 3773 Erythraeis
880 3732 951 3743 -
986 3703 1150 3757 vadis.
1213 3702 1293 3758 Zu
1326 3701 1379 3757 V
1417 3704 1498 3767 37,
1534 3704 1588 3756 4.

531 3791 609 3841 15.
638 3787 837 3859 primis
871 3788 1096 3843 nivibus.
1155 3789 1286 3859 Vgl.
1327 3787 1380 3843 V
1418 3790 1500 3854 37,
1538 3789 1587 3841 6.

530 3877 609 3927 17.
650 3875 733 3927 18.
797 3873 980 3932 Ueber
1015 3874 1427 3945 babylonische
1463 3872 1812 3928 Stickereien
1846 3872 1984 3928 XIV
2024 3876 2119 3926 115
2155 3872 2459 3930 Bluemner
2492 3872 2547 3927 S.
2574 3874 2656 3926 28.

531 3957 850 4014 Soenirmnia
882 3991 952 4000 —
988 3979 1102 4015 acu.
1161 3959 1444 4015 Aehnlich
1480 3962 1588 4015 wie
1625 3959 1960 4015 Phidiacum
1998 3959 2247 4024 caelum;
2288 3975 2361 4015 zu
2388 3958 2471 4015 IV
2495 3960 2577 4024 39,
2601 3961 2655 4012 4.

531 4047 610 4098 19.
646 4045 1001 4100 Αιλωηαηιεο
1044 4075 1118 4086 -
1160 4063 1309 4099 mero.
1384 4045 1527 4101 Dem
1571 4044 1857 4115 goldenen
1904 4044 2154 4111 Vliesse,
2201 4061 2318 4101 von
2362 4044 2657 4109 Athamas,

391 4132 521 4187 dem
553 4130 730 4186 Vater
765 4131 866 4187 des
902 4130 1157 4186 Phrixus.

528 4214 710 4270 XXX.
770 4215 901 4286 Vgl.
938 4214 968 4270 1
1002 4218 1063 4269 21
1104 4217 1220 4273 und
1258 4217 1362 4272 das
1397 4216 1459 4271 in
1494 4222 2087 4288 entgegengesetztem
2120 4216 2294 4272 Sinne
2331 4212 2659 4285 abgefasste

390 4301 714 4371 Epist-mm
749 4299 805 4355 X
835 4304 922 4359 25.

535 4388 583 4438 3.
615 4404 893 4457 pomaque
914 4391 1169 4460 fluuium
1229 4389 1310 4444 Zu
1346 4389 1432 4443 III
1469 4391 1551 4452 58,
1595 4391 1683 4444 32.
