3192 5084
559 414 683 479 340
1377 404 1449 461 Μ.
1490 403 1704 460 valerii
1739 401 2012 458 Martialis

1205 577 1517 644 CXCVII.
1607 576 1830 641 Mulae
1864 574 2168 659 pumilae.

735 693 853 758 His
896 690 1016 757 tibi
1063 689 1146 756 de
1190 690 1379 755 mulis
1423 708 1552 754 non
1596 693 1698 754 est
1739 683 2088 753 metuenda
2128 684 2345 751 ruina:
2454 743 2461 748 .

820 802 1032 868 Altius
1075 801 1145 866 in
1185 809 1361 867 terra
1404 818 1615 885 paene
1658 797 1887 865 sedere
1928 796 2119 862 soles.

1147 954 1497 1022 CXCVIII.
1596 952 1843 1019 Catella
1892 949 2256 1016 Gallicana.

742 1067 1026 1133 Delicias
1069 1085 1314 1152 parvae
1359 1066 1416 1131 si
1458 1064 1560 1130 vis
1604 1062 1832 1129 audire
1877 1060 2172 1142 catellae,

824 1177 1130 1244 Narranti
1174 1176 1392 1242 brevis
1437 1182 1536 1243 eet
1578 1175 1822 1260 pagina
1862 1181 2000 1241 tota
2040 1172 2218 1239 mihi.

1355 1328 1648 1396 CXCIX.
1742 1331 2042 1393 Asturco,

744 1444 867 1509 Hic
910 1442 1125 1508 brevis
1171 1441 1258 1507 ad
1299 1459 1597 1507 numeros
1642 1439 1939 1525 rapidum
1985 1439 2097 1522 qui
2142 1436 2390 1521 colligit
2434 1456 2732 1522 unguem,

830 1554 1025 1621 Venit
1068 1552 1152 1618 ab
1198 1552 1496 1618 auriferis
1541 1550 1845 1635 gentibue
1887 1549 2086 1616 Astur
2128 1567 2353 1633 equus.

527 1726 562 1767 P
1301 1706 1425 1773 CC.
1522 1706 1712 1770 Canis
1756 1714 2103 1789 vertrayuc.

747 1820 896 1886 Non
937 1819 1088 1900 sibi,
1137 1816 1254 1884 sed
1300 1816 1557 1883 domino
1601 1823 1877 1884 venatur
1918 1823 2255 1899 vertragus
2298 1834 2466 1896 acer,

835 1929 1145 1997 Illaesum
1186 1930 1471 2013 leporem
1516 1929 1630 2011 qui
1674 1928 1792 1994 tibi
1838 1926 2032 1994 dente
2077 1927 2262 1993 feret.

529 2105 565 2145 D
1386 2082 1543 2149 CCI.
1633 2083 2047 2147 Palaestrita.

752 2195 903 2261 Non
945 2213 1088 2260 amo
1133 2192 1306 2276 quod
1349 2193 1583 2275 vincat,
1632 2192 1749 2259 sed
1795 2191 1968 2276 quod
2011 2192 2427 2258 succumbere
2470 2192 2648 2258 novit

841 2306 926 2371 Et
969 2303 1196 2371 didicit
1238 2304 1470 2370 melius
1513 2305 1620 2391 τὴν
1666 2302 2155 2389 ἐπικλινοπάλην.

727 2476 991 2533 CXCVII
1025 2478 1074 2531 2.
1116 2490 1299 2544 paene
1336 2475 1490 2530 EFm
1518 2477 1619 2529 Ser
1652 2474 1897 2529 Gilbert2
1927 2467 2001 2546 μ’
2027 2483 2129 2530 647
2200 2489 2371 2544 saepe
2419 2476 2468 2528 T
2495 2474 2669 2529 Vind³
2694 2477 2851 2530 Sehn.

729 2560 958 2619 CXCIX
997 2564 1041 2617 1.
1088 2561 1163 2617 ad
1200 2576 1464 2618 numeros
1498 2561 1761 2631 rapidum
1781 2591 1851 2601 —
1874 2575 2119 2630 unguem
2165 2562 2216 2614 T
2237 2561 2377 2614 Selm
2456 2561 2529 2616 ad
2563 2575 2850 2617 numerum

591 2666 633 2706 r.
673 2679 743 2689 —
777 2662 1022 2718 unguem
1059 2647 1221 2710 PQF
1284 2648 1359 2702 ad
1392 2663 1681 2704 numerum
1717 2646 1950 2716 rapidos
1982 2676 2055 2686 —
2087 2661 2308 2717 ungues
2345 2646 2444 2700 Εω
2474 2647 2589 2700 Ser.

729 2733 820 2790 CC
861 2736 907 2786 1.
956 2741 1252 2803 vertragus
1295 2734 1531 2795 (Lemma
1564 2732 1932 2796 vertricacus)
1978 2733 2029 2786 T
2048 2733 2189 2786 Selm
2257 2737 2524 2801 veti-agua
2560 2732 2857 2786 EXABG

591 2827 860 2890 vertagus
899 2819 1006 2873 FO
1031 2819 1130 2872 Ser
1199 2824 1428 2887 artagus
1466 2819 1532 2873 P.

731 2902 852 2962 CCI
882 2907 926 2957 1.
987 2904 1142 2973 qnod
1174 2904 1373 2959 vincat
1416 2905 1468 2957 Τ
1497 2905 1638 2958 Selm
1707 2905 1861 2974 quod
1903 2903 2056 2975 (quid
2077 2904 2142 2967 P)
2184 2903 2366 2959 vincit
2403 2904 2854 2966 PQEXABFG

596 2991 693 3061 qui
728 2990 910 3045 vincit
940 2991 988 3043 Ο
1014 2991 1127 3043 Ser.
1209 2990 1311 3045 sed
1349 2990 1504 3060 quod
1549 2990 1775 3052 TQXG
1796 2990 1934 3043 Schtz
2006 2988 2108 3045 sed
2133 2988 2269 3059 quid
2299 2989 2354 3042 P
2417 2991 2519 3045 sed
2546 2990 2643 3060 qui
2689 3011 2731 3042 ω
2756 2991 2857 3044 Ser

596 3076 760 3132 novit
804 3076 1067 3137 TPQAO
1093 3075 1232 3128 Selm
1299 3090 1413 3130 non
1457 3074 1584 3130 vult
1619 3075 1720 3129 Em
1748 3076 1848 3128 Ser
1953 3077 2001 3127 2.
2056 3073 2455 3145 ἐπικλινοπάλην
2514 3074 2756 3129 Gilbm²
2793 3093 2854 3146 p.

598 3172 698 3217 647
735 3158 861 3216 HlN
897 3157 1509 3217 EPlKAEINOmAHN
1557 3161 1617 3213 E
1685 3160 1769 3214 die
1809 3164 1981 3214 ersten
2018 3169 2047 3214 ‘7
2085 3159 2423 3214 Buchetaben
2459 3161 2642 3215 ebemo
2684 3161 2864 3215 XAF

601 3254 791 3304 tenere
835 3246 870 3310 (i
908 3248 974 3310 Q)
1015 3244 1167 3302 stine
1202 3245 1372 3314 palen
1411 3248 1511 3308 PQ
1556 3245 1643 3311 (F)
1734 3251 1891 3302 tenet
1925 3245 2249 3315 clinopalen
2303 3246 2355 3299 T
2437 3246 2679 3301 ἀνακλινο
2691 3247 2858 3319 πάλην

601 3334 879 3387 Lemmata
912 3332 989 3384 D.
1040 3330 1326 3386 camerini.
1363 3331 1470 3394 (ed.
1523 3334 1722 3387 Veneta
1760 3337 1919 3396 1480)
1955 3331 2161 3386 Aldina
2200 3339 2330 3386 1501
2372 3332 2473 3386 Ser
2492 3332 2647 3388 Schtz.

740 3518 1042 3576 CXCVIII.
1119 3520 1227 3575 Ein
1274 3520 1513 3578 'catulus
1566 3520 1897 3577 Gallicanus
1951 3521 2131 3577 echon
2185 3520 2390 3578 Catull.
2432 3524 2516 3584 42,
2568 3525 2615 3576 6.
2695 3522 2867 3579 Canis

605 3605 858 3663 Gallicus
896 3605 1058 3662 ovid.
1096 3605 1227 3662 Met.
1268 3606 1298 3661 1
1332 3609 1450 3663 533.
1519 3607 1652 3678 Vgl.
1689 3623 1760 3662 zu
1794 3607 1932 3664 XIV
1966 3611 2087 3660 200.
2721 3637 2741 3655 .

742 3689 988 3746 CXCIX.
1035 3691 1164 3762 Vgl.
1200 3692 1345 3748 Plin.
1384 3692 1451 3748 N.
1488 3693 1544 3748 h.
1584 3693 1722 3749 VIII
1762 3696 1877 3749 166.

748 3779 791 3830 1.
834 3778 907 3831 ad
945 3796 1217 3832 numeras.-
1268 3779 1621 3849 taktmaesig.
1683 3779 1826 3833 Plin.
1868 3779 1903 3834 l.
1940 3779 1979 3833 1.
2018 3777 2371 3835 Astur-conec
2406 3807 2475 3817 —
2509 3780 2715 3850 quibus
2749 3795 2868 3835 non

608 3862 858 3934 volgaris
892 3862 952 3917 in
988 3880 1157 3921 cursu
1203 3866 1432 3935 gradus,
1488 3866 1589 3923 sed
1638 3864 1822 3920 mollis
1876 3864 2096 3921 alterno
2135 3881 2355 3920 crurum
2403 3865 2694 3934 explicatu
2739 3865 2867 3936 glo-

610 3948 860 4006 metatio,

746 4034 857 4092 CC.
909 4041 1216 4108 vertrayus:
1254 4036 1601 4102 Windhund,
1638 4036 1731 4091 ein
1749 4034 2053 4094 celticchee
2076 4036 2255 4103 Wort‚
2293 4036 2438 4092 auch
2463 4043 2732 4109 vertagus
2755 4037 2872 4093 und

613 4129 906 4193 vertagrus
943 4123 1333 4193 geschrieben.
1407 4123 1685 4179 Firmicus
1718 4122 1889 4178 Math.
1926 4121 1980 4176 V
2015 4125 2065 4175 8.
2142 4121 2374 4179 Gratius
2409 4123 2623 4194 Cyneg.
2666 4124 2766 4175 203
2802 4123 2877 4179 Et

617 4208 828 4277 pictam
864 4208 1089 4265 macula
1122 4215 1442 4278 vertagram
1478 4207 1667 4279 defige
1703 4207 1870 4264 falso.
1945 4208 2026 4264 Zn
2061 4209 2147 4263 III
2185 4213 2267 4275 47,
2310 4212 2389 4265 11.

752 4293 872 4351 CCI
914 4298 961 4349 1.
1010 4296 1342 4349 succumbere
1375 4294 1536 4348 novit.
1609 4294 1689 4350 Zu
1727 4294 1780 4348 11
1819 4296 1900 4360 52,
1941 4296 1986 4349 1.

754 4382 801 4433 2.
851 4380 1405 4451 ἐπικλινοπάλην.
1492 4379 1647 4437 Suet.
1686 4381 1894 4436 Domit.
1933 4397 1980 4436 c.
2018 4383 2084 4434 22
2121 4381 2375 4438 libidinis
2410 4380 2615 4437 nimiae
2640 4379 2886 4436 assidui-
