3192 5084
676 400 1136 480 Epigrammaton
1169 398 1338 456 Liber
1371 397 1484 453 XII
1528 403 1570 463 Q?
1592 396 1725 452 XII²
1763 397 1909 454 editt
1941 398 2253 456 December
2293 402 2429 464 101).
2552 403 2671 466 ’261

584 573 717 641 Sed
761 574 1058 658 quamvis
1101 571 1225 638 sibi
1270 571 1514 636 caverit
1557 569 1899 655 crepando,

585 685 988 771 Compressis
1029 683 1288 751 natibus
1332 683 1553 748 Iovem
1597 681 1861 751 salutat.
2132 701 2221 778 [ρ
2235 711 2423 793 99¹

1363 843 1724 911 LXXVIII.
1752 835 1839 954 8

583 960 692 1026 Nil
735 961 802 1025 in
846 965 910 1026 te
954 959 1202 1044 scripsi,
1245 956 1607 1043 Bithynice.
1677 955 1956 1023 Credere
2001 976 2128 1022 non
2172 957 2272 1022 vis

672 1073 753 1137 Et
797 1072 1011 1137 iurare
1054 1069 1282 1136 iubes?
1339 1068 1511 1135 Malo
1556 1068 1949 1159 satisg'agere.

1389 1230 1693 1297 LXXIX.

586 1348 843 1414 Donavi
885 1346 1006 1412 tibi
1049 1345 1271 1422 multa,
1319 1363 1491 1427 quae
1533 1344 1804 1426 rogasti3

586 1458 843 1524 Donavi
887 1456 1007 1523 tibi
1050 1456 1260 1542 plura,
1308 1475 1502 1539 quam
1544 1455 1817 1538 rogasti:

585 1569 732 1635 Non
776 1587 996 1636 cessas
1040 1575 1260 1635 tamen
1303 1585 1512 1650 usque
1554 1585 1660 1632 me
1705 1584 1949 1649 rogare.

588 1673 898 1763 Quisquis
941 1679 1033 1745 nil
1078 1686 1291 1764 negat,
1338 1678 1646 1754 Atticille..
1691 1675 1898 1744 fellat.

1406 1822 1751 1940 Lxxxss

587 1955 688 2021 Ne
732 1954 957 2023 laudet
1001 1953 1249 2040 dignos,
1297 1952 1525 2020 laudat
1568 1951 1980 2020 Callistratus
2024 1971 2267 2032 omnes.

672 2067 793 2133 Cui
837 2066 1049 2133 malus
1095 2074 1196 2134 est
1236 2084 1443 2146 nemo,
1492 2065 1639 2149 quis
1682 2064 1887 2130 bonus
1933 2083 2079 2131 esse
2122 2068 2376 2149 potest?

1393 2211 1775 2337 LXXXIO

586 2341 866 2407 Brumae
911 2338 1142 2407 diebus
1187 2339 1495 2424 feriisque
1541 2340 1803 2406 Saturni

590 2452 886 2520 Mittebat
930 2452 1176 2520 Umber
1219 2452 1519 2554 aliculam
1565 2452 1725 2517 mihi
1769 2471 2046 2536 pauper;

588 2563 778 2629 Nunc
820 2564 1015 2631 mittit
1059 2563 1317 2653 alicam:
1367 2562 1577 2629 factus
1624 2570 1723 2629 est
1766 2564 1936 2630 enim
1981 2562 2184 2629 dives.
2281 2587 2342 2671 Β,
2356 2580 2392 2670 Ι
2403 2579 2441 2678 Ι

1112 2645 1266 2673 ..σύ-

555 2759 789 2817 LXXXI
825 2761 875 2812 2.
912 2758 1177 2815 aliculam
1230 2761 1278 2813 3.
1314 2759 1489 2815 mittit
1509 2757 1742 2822 QOEFm
1770 2760 1911 2812 Sclm
1983 2757 2137 2814 misit
2169 2757 2302 2827 BQ?
2327 2758 2428 2811 Ser
2485 2755 2687 2812 alicam

423 2870 467 2901 ω
503 2846 821 2916 Giton-1²12.
847 2849 948 2898 646
1020 2843 1342 2914 1131031(γῆ
1373 2843 1557 2899 culam
1596 2843 2118 2906 PQEXABFVO.

559 3007 851 3064 Lxxvm
897 3011 945 3063 2.
993 3007 1326 3079 satasacm.
1415 2992 1565 3064 Uber
1614 3007 1707 3062 die
1744 3006 1973 3076 Lssnng
2017 3006 2078 3061 in
2134 3007 2317 3063 omem
2362 3003 2529 3061 wort
2574 3005 2686 3075 νει.

424 3097 548 3153 Birt
581 3097 641 3151 in
677 3096 775 3151 der
809 3093 956 3149 Einl.
997 3092 1051 3148 S.
1090 3093 1173 3158 32,
1214 3094 1258 3145 1.
1329 3091 1457 3150 Wie
1504 3093 1599 3149 ein
1645 3091 1960 3149 Schuldner
2006 3091 2100 3148 die
2147 3089 2362 3148 Schuld
2408 3092 2693 3148 entweder

426 3181 749 3240 abschwbrt
784 3179 922 3235 oder
956 3178 1141 3236 seiner
1174 3177 1610 3250 Verpflichtung
1644 3178 1823 3235 durch
1847 3176 2178 3246 Bezahluug
2212 3176 2589 3242 nachkommt,
2628 3194 2693 3234 so

424 3269 662 3326 erbietet
696 3266 821 3323 sich
857 3264 946 3331 Μ..
982 3265 1060 3321 da
1075 3263 1416 3335 Bithynicus
1449 3281 1557 3320 nur
1591 3265 1804 3321 seinem
1839 3263 1998 3326 Eme,
2035 3264 2171 3320 dass
2196 3279 2256 3319 er
2277 3263 2468 3320 nichts
2505 3278 2691 3335 gegen

423 3355 520 3411 ihn
554 3352 926 3425 geschrieben
962 3350 1124 3415 habe,
1150 3349 1407 3407 Glauben
1443 3351 1735 3408 schenken
1774 3350 1914 3418 ¹will,
1958 3350 2135 3406 lieber
2178 3350 2491 3420 gleichsam
2537 3351 2692 3406 seine

422 3439 855 3510 Verpflichtung
890 3453 963 3493 zu
985 3435 1228 3493 erfiillen
1260 3437 1378 3492 und
1413 3452 1531 3493 nun
1565 3444 1683 3493 eret
1718 3437 1916 3493 solche
1952 3436 2311 3507 Epigramma
2353 3451 2541 3506 gegen
2593 3436 2694 3492 ihn

430 3542 501 3582 zu
537 3525 849 3588 schreiben,
885 3524 994 3579 wie
1024 3522 1187 3594 jener
1220 3522 1469 3591 glaubte,
1507 3523 1641 3579 dass
1677 3537 1738 3578 er
1772 3522 1954 3579 schon
1988 3522 2362 3593 geschrieben
2397 3522 2564 3580 habe.

559 3609 800 3664 Lxxlx
837 3612 880 3664 1.
918 3612 966 3665 2.
1015 3608 1238 3663 Donavi
1267 3639 1338 3649 —
1372 3608 1616 3663 Donavi:
1658 3625 1731 3663 zu
1766 3609 1791 3663 1
1832 3611 1947 3673 109,
1991 3611 2036 3661 1.

560 3699 611 3748 4.
662 3694 741 3749 Zu
777 3693 894 3748 XII
931 3696 1011 3760 71,
1049 3696 1099 3748 2.

559 3778 797 3834 LXXXI
840 3780 892 3833 2.
960 3779 1224 3834 alienam.
1319 3779 1546 3850 Ulpian.
1585 3781 1756 3851 Digg.
1791 3778 2035 3836 XXXIV
2084 3781 2133 3844 2,
2162 3782 2227 3832 23
2274 3782 2379 3848 §2-
2451 3781 2699 3848 Puerilia

431 3866 806 3930 (vestimenta)
848 3871 996 3931 sunt,
1037 3880 1183 3936 quae
1219 3867 1294 3922 ad
1329 3865 1544 3922 nullum
1580 3866 1752 3923 alium
1787 3882 1950 3923 usum
1997 3866 2300 3935 pertinent,
2348 3865 2457 3922 nisi
2506 3867 2697 3935 pueri-

425 3955 560 4018 lem,
598 3951 776 4007 veluti
812 3957 981 4018 togae
1017 3956 1371 4019 praetextae,
1408 3951 1652 4008 aliculae
1670 3995 1683 4018 ,
1724 3951 2052 4023 chlamydes
2074 3994 2087 4016 ,
2133 3951 2313 4020 pallia
2361 3955 2436 4015 (et
2483 3952 2596 4007 alia
2647 3959 2689 4014 Ῡ)

427 4053 572 4109 quae
617 4035 749 4093 filiis
797 4036 1006 4091 nostris
1057 4052 1465 4105 comparamus.
1553 4037 1717 4093 Doch
1764 4038 1849 4094 als
1895 4035 2209 4108 Jagdkleid
2253 4036 2478 4092 Petron.
2528 4053 2579 4092 c.
2631 4038 2699 4088 40

423 4125 698 4181 barbatus
746 4123 971 4193 ingens,
1029 4120 1227 4179 fasciis
1274 4123 1587 4180 cruralibus
1635 4123 1932 4193 alligatus,
1986 4112 2050 4180 ‘et
2096 4121 2307 4178 alicula
2355 4121 2697 4178 subornatus

425 4211 714 4282 polymita.
795 4208 921 4265 Vel.
966 4207 1144 4278 Loug.
1189 4205 1303 4264 GL.
1352 4209 1445 4265 ed.
1493 4208 1625 4266 Keil
1672 4208 1779 4264 VH
1815 4224 1872 4277 p.
1909 4210 2001 4273 68,
2049 4211 2110 4263 18
2156 4224 2283 4264 cum
2328 4237 2399 4247 —
2435 4207 2698 4264 aliculam

423 4297 745 4354 existiment
778 4322 848 4334 -
883 4293 1110 4358 dictam,
1148 4294 1301 4363 quod
1339 4295 1460 4351 alas
1493 4294 1662 4351 nobis
1698 4294 1917 4365 injecta
1950 4295 2258 4351 contineat.
2882 4329 2892 4338 ·

565 4387 612 4437 a.
662 4381 878 4436 auom:
928 4380 1212 4451 Speltmus
1259 4379 1398 4436 odor
1443 4380 1728 4437 Roisbrei.
1805 4380 1885 4437 Zu
1927 4380 1983 4435 11
2032 4382 2112 4444 37,
2149 4383 2182 4434 o
2220 4379 2522 4444 (halicarn).
2595 4379 2703 4436 Alo
2783 4355 2829 4563 I
