3192 5084
651 417 1117 487 Epigrammaton
1154 416 1322 473 Liber
1353 414 1468 469 XII
1508 420 1553 481 (9
1587 414 1720 469 XII¹
1760 416 1906 471 edirt
1938 414 2249 472 December
2291 417 2400 481 101)
2532 419 2651 482 231

569 589 731 655 Tam
776 571 1011 669 rarum,
1055 597 1188 656 tam
1234 587 1423 655 dulce
1468 588 1675 672 sapis:
1723 587 1979 654 Palatia
2023 587 2257 668 dicent,

654 699 996 766 Audierint
1038 700 1092 765 si
1138 708 1204 766 te
1247 702 1351 766 vel
1397 699 1621 782 semel,
1671 717 1816 764 esse
1858 717 2076 776 suam3

491 818 525 874 5
570 811 768 877 Nulla
813 831 930 878 nec
972 812 1040 877 in
1084 810 1301 877 media
1345 810 1619 877 certabit
1661 817 1818 876 nata
1861 809 2119 876 Subura

654 923 792 989 Nec
836 922 1186 1007 Capitolini
1231 922 1415 988 collis
1461 922 1727 986 alumna
1765 921 1909 987 tibi.

571 1034 709 1099 Nec
751 1035 886 1126 cito,
913 1033 1159 1124 ,Qit
1201 1034 1523 1119 peregrini
1569 1032 1782 1116 gloria
1824 1040 2066 1116 partus,

658 1115 1010 1212 Romanam
1054 1144 1285 1211 deceat
1329 1163 1524 1228 quam
1568 1143 1781 1227 magis
1826 1162 1971 1210 esse
2012 1163 2264 1210 nurum.
2606 1136 2648 1202 -2

571 1257 673 1322 Tu
718 1255 1113 1323 desiderium
1159 1255 1459 1322 dominae
1502 1253 1663 1319 mihi
1706 1254 1925 1321 mitius
1967 1256 2145 1321 urbis
2584 1296 2623 1306 ·-

451 1375 522 1430 10
656 1369 819 1433 Esse
862 1368 1076 1434 iubes:
1135 1368 1403 1432 Romam
1448 1372 1519 1431 tu
1562 1364 1723 1431 mihi
1767 1366 1909 1431 sola
1951 1366 2137 1432 facis.

1422 1527 1636 1593 XXII.

580 1639 788 1719 Quam
835 1641 918 1706 sit
958 1619 1141 1705 lusca
1170 1638 1501 1706 Philaenis
1545 1637 1963 1728 indecenter„

577 1752 693 1817 Vis
736 1750 949 1817 dicam
992 1751 1276 1818 breviter
1317 1751 1460 1832 tibi,
1507 1750 1829 1816 Fabulle?

573 1863 765 1928 Esset
809 1882 1005 1928 caeca
1049 1861 1377 1929 decentior
1418 1861 1769 1927 Philaenis.

1408 1987 1739 2100 xxmib

574 2135 895 2203 Dentibus
940 2143 1137 2220 atque
1179 2136 1402 2218 comis,
1450 2156 1572 2203 nec
1616 2143 1682 2201 te
1725 2134 1944 2221 pudet,
1995 2135 2192 2202 uteris
2237 2137 2496 2220 emptis:

661 2246 831 2326 Quid
875 2246 1080 2314 facies
1124 2249 1326 2328 oculo,
1372 2247 1646 2313 Laelia?
1697 2266 1826 2312 non
1871 2247 2123 2313 emitur.
2237 2286 2265 2364 Ι
2285 2270 2396 2382 ⁶3
2415 2281 2489 2374 (ae

541 2434 675 2489 xm
711 2440 757 2489 -ι,
815 2435 936 2491 Noc
973 2403 1090 2493 ‹viti›
1124 2436 1333 2493 ridebit
1367 2436 1502 2490 codd
1580 2434 1664 2490 'ro
1701 2434 1817 2492 cito
1852 2435 2062 2493 ridebit
2095 2436 2427 2507 peregrinus
2465 2435 2670 2492 clodia

404 2527 602 2590 partus
635 2521 949 2576 Romanam
973 2520 1149 2577 ducat
1183 2527 1294 2576 etc.
1337 2520 1578 2591 Soaliqer
1612 2520 1687 2574 ad
1725 2522 1917 2577 catull.
1943 2526 2030 2587 62,
2048 2528 2148 2576 219
2199 2521 2486 2584 (Martialis
2523 2522 2671 2577 enim

403 2608 564 2663 uxori
599 2606 901 2662 Marcellae
937 2621 1251 2676 cognomen
1286 2611 1435 2672 erat3
1478 2607 1572 2662 cni
1607 2621 1843 2663 necesse
1882 2614 1972 2663 est
2002 2606 2237 2662 Clodiae
2272 2623 2478 2663 nomen
2513 2622 2667 2673 esse;

403 2708 534 2748 nam
579 2697 777 2748 notum
820 2692 919 2761 qui
964 2691 1177 2748 fuerint
1220 2692 1282 2747 in
1327 2699 1498 2763 gente
1534 2690 1778 2748 Claudia
1810 2692 2060 2749 Marcelli
2097 2693 2193 2764 qui
2247 2699 2409 2749 erant·
2442 2693 2671 2765 plebeji.

406 2787 464 2834 et
499 2777 570 2834 ab
607 2778 697 2833 his
735 2776 961 2846 patricii
990 2777 1481 2847 distinguebantur
1503 2776 1874 2832 Pulchrorum
1900 2777 2271 2848 cognomine).
2345 2778 2466 2832 Nec
2491 2776 2671 2835 Sicori

413 2866 489 2917 τε.
520 2863 842 2935 Nobenflues
877 2863 967 2917 des
1001 2864 1208 2930 Iberus)
1253 2862 1426 2919 debet
1458 2862 1744 2933 peregrini
1778 2861 1854 2931 gl.
1892 2878 1946 2932 p.
1985 2865 2061 2917 Is.
2101 2864 2233 2916 Voss
2300 2862 2420 2919 Nec
2459 2861 2671 2920 Sicoris

404 2949 626 3004 dederit
660 2949 786 3002 oder
817 2948 938 3005 Nec
975 2947 1160 3005 Suevo
1198 2949 1440 3006 ediderit
1477 2941 1602 3003 Hm}
1694 2947 1814 3003 Nec
1850 2948 1963 3004 cito
2001 2946 2225 3016 parebit
2260 2949 2467 3002 Mauro
2550 2948 2671 3006 Nec

406 3036 523 3092 cito
559 3033 814 3092 sordebit
859 3035 1185 3106 Grasborqer
1285 3034 1406 3091 Nec
1453 3041 1511 3090 te
1561 3033 1801 3090 clarabit
1845 3033 2001 3087 Gieae
2039 3035 2229 3104 Proqr.
2266 3033 2314 3088 d.
2355 3033 2547 3105 Realq.
2591 3036 2670 3090 St.

405 3122 622 3175 Johann
655 3121 874 3192 Danzt’q
911 3128 1043 3176 1885
1069 3138 1131 3191 p.
1175 3130 1251 3174 11.

544 3275 680 3329 XXI
716 3280 763 3330 5.
830 3274 1026 3331 Sidon.
1076 3274 1268 3344 Apoll.
1318 3272 1379 3329 C.
1419 3276 1502 3340 23,
1538 3275 1639 3327 236
1685 3272 1761 3329 Et
1807 3280 1864 3330 te
1901 3288 2003 3329 seu
2048 3271 2327 3330 latiariter
2381 3280 2673 3329 sonantem

409 3362 700 3432 Tanquam
736 3361 1016 3417 Romulea
1052 3367 1210 3417 satus
1247 3360 1484 3416 Subura.

552 3446 732 3512 (XXII
769 3450 816 3500 2.
886 3445 1080 3503 Sidon.
1117 3444 1327 3514 {ApolL
1380 3443 1439 3499 C.
1483 3446 1561 3510 12,
1609 3446 1639 3498 8
1697 3443 1804 3500 Vis
1863 3445 2046 3501 dicam
2106 3444 2209 3501 tibi
2270 3443 2409 3515 quid
2466 3459 2671 3514 poema

416 3532 640 3602 frangat
652 3539 696 3596 ⁶2)

550 3707 600 3757 3.
656 3701 888 3758 Palatia.
950 3703 1031 3759 Zu
1065 3702 1094 3757 1
1132 3706 1213 3768 το,
1250 3706 1300 3756 5.

552 3792 597 3840 5.
655 3788 880 3842 Subura.
941 3788 1021 3844 Zu
1057 3788 1114 3842 Π
1155 3791 1234 3854 17,
1274 3792 1318 3842 1.

548 3875 598 3926 7.
655 3873 771 3926 Nec
815 3873 933 3926 cito.
1010 3872 1086 3929 So
1119 3873 1251 3943 ⁸viel
1298 3872 1384 3929 als
1418 3888 1534 3928 non
1568 3871 1770 3941 facile;
1824 3888 1871 3928 z.
1905 3872 1971 3930 B.
2007 3873 2235 3930 Terent.
2287 3873 2538 3942 Adelph.
2592 3871 2678 3927 111
2762 3825 2789 3974 ί

413 3962 460 4024 3,
498 3961 589 4022 89;
628 3956 745 4013 Cic.
788 3957 945 4014 Brut.
987 3962 1069 4024 76,
1106 3962 1206 4013 264
1233 3976 1307 4016 ss.

462 4020 486 4134 ι
549 4043 746 4098 ridebit
760 4067 779 4097 .·
815 4044 955 4099 wird
993 4044 1329 4100 erstrahlen5
1353 4049 1369 4071 ¹

546 4129 823 4202 pereqrini
853 4159 921 4168 —
946 4135 1165 4200 partus.
1229 4131 1310 4185 Zu
1344 4129 1454 4184 XII
1490 4131 1539 4196 9,
1576 4132 1628 4182 2.

548 4221 599 4270 9.
651 4214 893 4270 dominae
926 4245 997 4254 —
1030 4214 1194 4272 urbis.
1266 4216 1346 4272 ΖΠ
1380 4215 1410 4270 Ῑ
1447 4219 1493 4281 3,
1532 4217 1580 4270 3.
2583 4233 2589 4242 ·

545 4300 756 4357 XXIII.
831 4299 1034 4356 Lucili.
1083 4301 1189 4369 Ep.
1234 4302 1299 4354 23
1345 4300 1578 4357 Anthol.
1629 4299 1721 4357 Gr.
1769 4300 1859 4358 ed.
1911 4299 2127 4357 Jacobs
2159 4297 2245 4353 111
2294 4313 2351 4367 p.
2387 4301 2454 4352 36
2500 4296 2581 4363 (Τ.
2622 4296 2681 4353 11

414 4404 469 4457 p.
508 4389 650 4452 324):
