3192 5084
1032 395 1496 466 Epigrammaton
1517 396 1687 454 Liber
1708 395 1792 451 IX
1828 397 1991 464 (editt
2014 400 2115 463 94).
2628 402 2713 466 99

1482 569 1654 636 XCI.

616 683 720 750 Ad
763 703 986 749 cenam
1032 683 1089 747 si
1133 702 1238 747 me
1282 680 1544 747 diversa
1586 690 1848 748 voearet
1891 682 1959 745 in
2003 688 2181 747 astra

702 795 868 860 Hine
911 793 1217 859 invitator
1261 793 1580 874 Caesaris,
1629 792 1781 859 inde
1824 794 2017 874 Iovis,

616 909 809 974 Astra
852 906 1006 972 lieet
1049 906 1331 990 propius,
1376 905 1634 992 Palatia
1674 905 1930 989 longius
1976 913 2224 1000 essent.

705 1021 1041 1103 Responsa
1083 1016 1171 1082 ad
1215 1035 1485 1101 superos
1528 1015 1694 1081 haee
1737 1015 2077 1083 referenda
2122 1015 2375 1083 darem:

537 1141 571 1196 5
621 1130 953 1216 »Quaerite
998 1130 1109 1212 qni
1152 1128 1339 1194 malit
1380 1127 1522 1194 fieri
1567 1129 1842 1195 conviva
1883 1129 2227 1194 Tonantis:

705 1243 810 1308 Me
853 1259 1035 1307 meus
1080 1242 1149 1306 in
1192 1241 1380 1306 terris
1424 1240 1738 1324 Iuppiter,
1788 1259 1954 1320 eece,
2003 1246 2228 1306 tenet«

1470 1377 1679 1443 XCII.

559 1503 566 1512 ‘
625 1493 805 1572 Quae
848 1491 1024 1557 mala
1066 1498 1219 1556 sunt
1261 1489 1522 1570 domini,
1571 1509 1739 1572 qnae
1783 1489 1954 1556 servi
1999 1488 2332 1555 commoda
2375 1490 2603 1568 neseis,

707 1602 1016 1696 Condylo,
1072 1602 1182 1685 qui
1227 1619 1485 1668 servum
1530 1608 1594 1666 te
1638 1601 1844 1684 gemis
1891 1619 2036 1666 esse
2068 1601 2214 1667 diu.

624 1716 756 1782 Dat
797 1714 916 1781 tibi
961 1732 1219 1780 seouros
1263 1714 1411 1780 vilis
1454 1712 1807 1795 tegeticula
1849 1731 2125 1792 somnos,

707 1827 995 1910 Pervigil
1038 1805 1126 1890 in·
1148 1826 1370 1909 pluma
1415 1824 1639 1907 Gaius,
1694 1843 1866 1905 eece,
1917 1825 2104 1890 iacet.

544 1948 580 2003 5
628 1939 831 2005 Gaius
876 1957 917 2002 a
960 1938 1170 2020 prima
1211 1934 1673 2003 tremebundus
1718 1936 1863 2001 luoe
1909 1938 2150 2003 salutat
2343 2009 2349 2016 ,

709 2050 835 2115 Tot
878 2047 1187 2129 dominos,
1235 2054 1304 2113 at
1345 2055 1436 2128 tn,
1485 2047 1794 2132 Condyle‚
1843 2068 1964 2113 neo
2009 2047 2357 2114 dominum.

627 2159 840 2240 »Quod
882 2149 1102 2241 debes.
1150 2158 1295 2240 Gai,
1342 2157 1572 2224 redde«
1619 2160 1829 2242 inquit
1869 2159 2168 2226 Phoebus
2214 2168 2279 2226 et
2321 2160 2502 2225 illine

710 2272 1088 2337 Cinnamus:
1133 2272 1257 2336 hoo
1300 2271 1473 2350 dicit,
1522 2270 1832 2356 Condyle,
1880 2290 2067 2337 nemo
2111 2271 2247 2336 tibi.

579 2433 586 2440 .
628 2384 957 2450 Tortorem
1001 2383 1273 2448 metuis?
1327 2381 1620 2468 podagra
1666 2383 2105 2467 cheragraque
2150 2392 2406 2450 secatur

508 2505 583 2560 10
714 2494 918 2560 Gaius
965 2500 1030 2560 et
1073 2494 1298 2560 mallet
1339 2495 1617 2561 verbera
1659 2494 1840 2559 mille
1883 2496 2043 2579 pati.

625 2605 811 2684 Quod
854 2625 976 2672 neo
1018 2626 1206 2672 mane
1251 2608 1458 2672 vomis
1503 2626 1623 2672 neo
1666 2627 1967 2686 cunnum,
2018 2605 2325 2692 Condylo,
2374 2607 2594 2692 lingis,

623 2726 630 2734 ‘
713 2717 859 2784 Non
902 2718 1134 2799 mavis,
1185 2705 1380 2800 quam
1427 2724 1524 2783 ter
1570 2717 1777 2783 Gaius
1823 2736 1967 2783 esse
2011 2721 2202 2784 tuus?

1464 2855 1702 2922 XCIII.

628 2965 886 3069 Andere
931 2966 1089 3050 quid
1133 2986 1371 3048 cessas,
1417 2986 1599 3051 puer,
1650 2969 2008 3033 immortale
2050 2966 2442 3061 Falernum?

542 3115 554 3127 ’
601 3119 729 3176 XCI
765 3125 810 3174 5.
869 3121 1001 3192 Vgl.
1043 3137 1114 3178 zu
1146 3122 1290 3177 VIII
1326 3124 1407 3188 39,
1447 3126 1493 3174 5.

595 3256 737 3313 XCI.
792 3257 881 3314 SG
904 3260 932 3314 1
959 3261 1071 3325 147,
1097 3261 1144 3312 6.
1197 3258 1382 3315 Ueber
1418 3260 1511 3315 die
1547 3258 1971 3329 Vergleiehnng
2003 3257 2320 3315 Domitiana
2356 3258 2460 3314 mit
2493 3258 2722 3328 Jupiter

468 3360 539 3399 zu
574 3344 656 3399 IV
694 3348 738 3400 1.

604 3433 645 3482 1.
694 3430 996 3485 diversa—
1018 3430 1076 3484 in
1112 3435 1273 3485 astra.
1321 3429 1411 3485 Da
1446 3445 1507 3487 er
1541 3431 1687 3486 auch
1727 3431 1838 3486 den
1859 3430 2059 3487 Palast
2090 3429 2410 3486 Domitians
2448 3430 2533 3487 als
2559 3431 2723 3486 einen

460 3516 699 3571 Himmel
752 3516 1104 3582 benachtet,
1162 3516 1431 3571 wahrend
1474 3533 1527 3572 v.
1578 3520 1608 3569 3
1657 3523 1812 3573 astra
1856 3517 1933 3571 im
1980 3516 2361 3587 eigentlichen
2406 3514 2577 3572 Sinne
2623 3532 2727 3587 ge·-

463 3609 595 3672 sagt
629 3602 718 3658 ist.
1089 3605 1136 3658 3.
1204 3601 1437 3656 Palatia.
1500 3603 1580 3657 Zu
1618 3602 1646 3656 1
1684 3606 1764 3666 το,
1804 3606 1849 3656 5.

599 3685 756 3742 XCII
792 3691 840 3742 3.
901 3687 1196 3760 teqeticula.
1257 3687 1336 3742 Zu
1371 3687 1453 3742 VI
1488 3691 1570 3754 39,
1609 3693 1655 3741 4.

594 3776 647 3825 4.
687 3772 744 3827 in
770 3775 975 3843 pluma.
1034 3772 1088 3827 X
1114 3774 1195 3838 13,
1221 3776 1253 3825 6
1289 3773 1546 3829 Dormiat
1580 3774 1640 3829 in
1675 3773 1870 3843 pluma
1903 3790 2010 3830 neo
2047 3774 2276 3830 meliore
2300 3773 2511 3831 Venus.

604 3861 648 3913 7.
714 3859 969 3914 Phoebus.
1029 3858 1110 3913 Zu
1145 3858 1202 3912 11
1237 3859 1322 3924 44,
1360 3864 1408 3914 8.

596 3947 648 3998 9.
713 3949 938 3999 secatur.
997 3944 1050 3998 X
1087 3947 1237 4010 5,14
1272 3950 1467 4002 sectus
1501 3945 1684 4001 Aeaei
1719 3945 1875 4001 loris.

603 4031 683 4083 11.
749 4032 907 4092 Quod
936 4049 1033 4085 neo
1065 4049 1218 4084 mane
1251 4031 1434 4084 vomis.
1494 4030 1723 4101 Vg1.11
1760 4034 1844 4095 89,
1886 4035 1916 4084 5
1943 4048 1989 4088 s.
2022 4032 2142 4087 und
2178 4029 2269 4089 SG
2305 4032 2391 4086 111
2427 4035 2509 4096 37,
2549 4034 2597 4086 6.

606 4117 686 4170 12.
749 4115 947 4174 Wmst
981 4118 1059 4173 du
1092 4117 1256 4172 nieht
1289 4116 1467 4172 lieber
1500 4132 1616 4172 von
1652 4117 1849 4174 diesen
1884 4117 2125 4172 Lastern
2146 4116 2263 4173 ἐπεὶ
2302 4119 2425 4173 sein
2461 4117 2546 4174 als
2583 4118 2736 4174 drei-

457 4198 595 4255 faoh
637 4201 732 4256 die
768 4201 1064 4259 Vortheile
1101 4203 1296 4259 delnes
1332 4202 1513 4258 Herm
1549 4203 1845 4259 besitzen‘?

597 4285 784 4344 XCIII
826 4292 871 4343 1.
931 4290 1159 4343 Addere.
1220 4288 1274 4342 X
1310 4291 1393 4355 98,
1437 4291 1456 4340 1
1500 4288 1702 4344 Addat
1748 4305 1876 4344 eum
1921 4289 2058 4344 mihi
2094 4287 2422 4344 Caecubum
2459 4289 2728 4346 minIster.

457 4370 593 4426 XIV
625 4376 777 4440 170,2
813 4374 1021 4432 D'eeies
1058 4375 1206 4431 adde
1241 4375 1484 4430 Falerna
1521 4390 1679 4444 puer.
1756 4373 2053 4429 immortale
2086 4375 2382 4429 Falernum
2402 4397 2466 4421 ==
2486 4374 2566 4430 XI
2588 4377 2671 4442 36,
2689 4381 2739 4432 5.

2258 4477 2325 4529 7*
