3192 5084
924 417 1385 486 Epigrammaton
1419 417 1588 475 Liber
1623 417 1761 474 VIII
1806 418 1969 483 (edirt
2004 421 2112 486 93).
2562 426 2633 486 11

619 590 1014 656 Pindaricos
1057 596 1276 656 nosset
1319 609 1463 656 cum
1508 609 1814 675 superare
1858 589 2102 672 modos,

522 703 618 769 Et
664 703 869 768 Vario
914 703 1110 768 cessit
1152 703 1423 767 Romani
1467 700 1664 767 laude
1709 702 2024 782 cothurni,

620 814 793 880 Cum
836 819 1059 899 posset
1100 813 1344 897 tragico
1388 813 1618 879 fortius
1664 833 1774 879 ore
1818 813 2018 896 loqui.

526 927 790 991 Aurum
838 934 903 990 et
946 944 1101 1009 opes
1147 930 1213 990 et
1253 944 1406 990 rura
1448 925 1755 1008 frequens
1800 923 2066 992 donabit
2110 927 2379 992 amicus:

398 1044 475 1099 10
626 1035 760 1114 Qui
802 1037 963 1102 velit
1004 1036 1263 1120 ingenio
1309 1035 1558 1115 cedere,
1605 1054 1789 1102 rarus
1836 1037 1976 1104 erit.

1418 1232 1597 1296 XIX.

530 1364 807 1448 Pauper
848 1360 1056 1427 videri
1088 1351 1311 1427 'Cinna
1355 1360 1524 1434 vult:
1579 1367 1645 1426 et
1690 1367 1788 1427 est
1832 1381 2099 1446 pauper.

1433 1558 1584 1623 XX.

537 1690 711 1756 Cum
755 1687 960 1754 facias
1004 1705 1231 1753 versus
1275 1687 1456 1752 nulla
1499 1706 1628 1752 non
1672 1687 1818 1752 luce
1862 1684 2160 1768 ducenos,

631 1802 822 1876 Varo,
869 1798 1033 1864 nihil
1077 1799 1332 1864 recitas.
1404 1799 1551 1863 Non
1594 1799 1796 1882 sapis,
1847 1804 2044 1881 atque
2088 1800 2285 1885 sapis.

1414 1995 1594 2060 XXI.

538 2125 937 2211 Phosphore,
984 2123 1184 2190 redde
1229 2123 1425 2189 diem:
1473 2121 1632 2206 quid
1676 2123 1921 2208 gaudia
1963 2132 2181 2192 nostra
2224 2127 2534 2193 moraris?

635 2238 915 2304 Caesare
959 2242 1245 2314 ventum,
1293 2235 1691 2320 Phosphoro,
1741 2234 1940 2301 redde
1985 2235 2174 2302 diem.

543 2352 754 2416 Roma
795 2354 1001 2432 rogat.
1079 2345 1331 2412 Placidi
1375 2345 1688 2429 numquid
1731 2353 1797 2412 te
1840 2348 2030 2433 pigra
2072 2349 2318 2414 Bootae

631 2460 935 2526 Plaustra
979 2458 1239 2538 vehunt,
1286 2458 1462 2524 lento
1508 2456 1681 2541 quod
1724 2459 1916 2525 nimis
1960 2460 2113 2543 igne
2157 2460 2385 2525 venis?

455 2584 491 2638 5
544 2571 808 2639 Ledaeo
853 2577 1110 2655 poteras
1155 2568 1479 2635 abducere
1523 2569 1833 2653 Cyllaron
1876 2577 2079 2636 astro:

630 2684 783 2769 Ipse
826 2701 942 2747 suo
986 2680 1175 2748 cedet
1218 2700 1389 2747 nunc
1430 2680 1551 2746 tibi
1596 2681 1826 2748 Castor
1869 2701 2052 2765 equo.

580 2913 721 2970 XXI
755 2915 805 2966 4.
838 2913 973 2983 igne
1000 2912 1316 2976 QEFoeScr
1397 2927 1502 2968 axe
1547 2913 1759 2967 TSclm.

578 3118 718 3175 XXI
754 3120 801 3172 3.
837 3123 885 3173 4.
940 3117 1121 3183 (Ovid.
1159 3118 1231 3175 Μ.
1268 3119 1326 3173 II
1367 3120 1463 3171 176
1498 3117 1700 3184 Boote,
1746 3117 2014 3184 Quamvis
2059 3120 2254 3176 tardus
2299 3135 2425 3177 eras
2475 3127 2533 3176 et
2581 3126 2638 3177 te

368 3214 471 3263 tna
507 3206 773 3276 plaustra
804 3206 1114 3271 tenebant).

512 3433 565 3484 6.
598 3434 787 3484 noscet.
849 3429 930 3484 Zu
965 3428 1022 3482 H
1059 3431 1142 3493 52,
1183 3430 1229 3480 1.

515 3519 565 3567 7.
621 3514 803 3571 Vario.
854 3514 969 3570 Der
1002 3514 1239 3570 Dichter
1274 3513 1374 3569 der
1409 3511 1693 3583 'I'ragodie
1730 3511 2027 3583 Thyestes,
2064 3511 2290 3569 Freund
2326 3515 2428 3571 des
2457 3515 2640 3572 Horaz

372 3602 495 3657 und
534 3600 746 3671 Vergil.
810 3598 1030 3656 Teuffel
1064 3598 1216 3654 RLG
1251 3602 1369 3666 223,
1411 3601 1457 3651 1.

513 3690 562 3739 9.
587 3690 852 3758 frequens
889 3685 1105 3740 donabit
1140 3685 1359 3739 amicus.
1420 3683 1557 3739 XIV
1595 3686 1712 3751 122,
1759 3686 1780 3735 1
1819 3683 1973 3740 Ante
2019 3682 2301 3755 frequens,
2351 3686 2455 3743 sed
2489 3703 2641 3743 nunc

377 3788 540 3828 rarus
574 3788 681 3828 nos
716 3772 894 3828 donat
928 3771 1158 3827 amicus.

515 3872 665 3928 XXI.
712 3873 830 3930 Vor
865 3874 993 3930 dem
1026 3872 1299 3930 Anbruch
1336 3873 1439 3929 des
1474 3872 1680 3943 Tages,
1717 3888 1791 3927 an
1824 3871 2096 3929 welchem
2133 3874 2233 3930 der
2267 3874 2488 3946 EInzug
2521 3876 2641 3932 Do-

374 3959 605 4015 mitium
651 3957 919 4029 erfolgte;
966 3959 1342 4016 vermuthlich
1390 3975 1464 4015 an
1509 3957 1610 4014 Ort
1654 3958 1770 4014 und
1819 3955 1995 4014 Stelle
2039 3957 2405 4027 improvisstt.
2495 3960 2640 4016 Eiul.

378 4043 433 4101 S·
468 4049 566 4184 δὲ.
606 4133 655 4183 4.
684 4130 851 4202 piqra
884 4132 1090 4186 Bootae
1126 4133 1395 4186 leoetra.
1454 4130 1585 4186 Juv.
1623 4133 1672 4195 5,
1709 4131 1775 4181 23
1811 4130 1962 4201 pigri
1998 4147 2227 4187 sarraca
2259 4130 2499 4186 Bootae.

518 4220 565 4271 5.
602 4218 651 4270 6.
716 4216 810 4272 Du
845 4219 1061 4275 hattest
1092 4234 1208 4272 von
1233 4215 1449 4280 Castor,
1486 4216 1615 4271 dem
1650 4215 1815 4271 einen
1852 4216 1951 4272 der
1974 4216 2267 4286 zwfflinge
2303 4216 2405 4272 des
2440 4214 2642 4273 Thier-

376 4302 596 4443 {scices
639 4301 881 4370 (Ledaeo
916 4306 1108 4369 astro),
1147 4303 1270 4360 seiu
1303 4303 1454 4358 Rosa
1491 4299 1753 4372 Cyllarus
1791 4301 1888 4367 (IV
1918 4304 2000 4368 25,
2026 4304 2058 4355 6
2094 4301 2236 4358 VIII
2274 4304 2354 4367 28,
2381 4303 2427 4367 8)
2454 4302 2641 4359 leihen

416 4391 620 4445 nuncu.
