<?xml version="1.0" encoding="UTF-8"?>
<!DOCTYPE html PUBLIC "-//W3C//DTD XHTML 1.0 Transitional//EN"
    "http://www.w3.org/TR/xhtml1/DTD/xhtml1-transitional.dtd">
<html xmlns="http://www.w3.org/1999/xhtml" xml:lang="en" lang="en">
 <head>
  <title>
</title>
<meta http-equiv="Content-Type" content="text/html;charset=utf-8" />
  <meta name='ocr-system' content='tesseract 3.04.00' />
  <meta name='ocr-capabilities' content='ocr_page ocr_carea ocr_par ocr_line ocrx_word'/>
</head>
<body>
  <div class='ocr_page' id='page_1' title='image "./mvaleriimartial02friegoog_0161.png"; bbox 0 0 3192 5084; ppageno 0'>
   <div class='ocr_carea' id='block_1_1' title="bbox 928 394 2655 468">
    <p class='ocr_par' dir='ltr' id='par_1_1' title="bbox 928 394 2655 468">
     <span class='ocr_line' id='line_1_1' title="bbox 928 394 2655 468; baseline 0.003 -17"><span class='ocrx_word' id='word_1_1' title='bbox 928 397 1391 468; x_wconf 80' lang='lat' dir='ltr'><strong>Epigrammaton</strong></span> <span class='ocrx_word' id='word_1_2' title='bbox 1424 395 1594 453; x_wconf 86' lang='lat' dir='ltr'><strong>Liber</strong></span> <span class='ocrx_word' id='word_1_3' title='bbox 1627 394 1682 449; x_wconf 91' lang='lat' dir='ltr'>X</span> <span class='ocrx_word' id='word_1_4' title='bbox 1721 394 1814 463; x_wconf 79' lang='lat' dir='ltr'><strong>(X2</strong></span> <span class='ocrx_word' id='word_1_5' title='bbox 1848 396 1996 452; x_wconf 78' lang='lat' dir='ltr'><strong>editt</strong></span> <span class='ocrx_word' id='word_1_6' title='bbox 2029 399 2132 461; x_wconf 84' lang='lat'><strong>98).</strong></span> <span class='ocrx_word' id='word_1_7' title='bbox 2532 404 2655 466; x_wconf 86' lang='lat'><strong>155</strong></span> 
     </span>
    </p>
   </div>
   <div class='ocr_carea' id='block_1_2' title="bbox 480 567 2533 1025">
    <p class='ocr_par' dir='ltr' id='par_1_2' title="bbox 480 567 2533 1025">
     <span class='ocr_line' id='line_1_2' title="bbox 562 567 2204 655; baseline -0.003 -17"><span class='ocrx_word' id='word_1_8' title='bbox 562 573 644 638; x_wconf 85' lang='lat' dir='ltr'><strong>Et</strong></span> <span class='ocrx_word' id='word_1_9' title='bbox 686 569 965 655; x_wconf 79' lang='lat' dir='ltr'>gemitus</span> <span class='ocrx_word' id='word_1_10' title='bbox 1010 570 1138 635; x_wconf 90' lang='lat' dir='ltr'><strong>imo</strong></span> <span class='ocrx_word' id='word_1_11' title='bbox 1182 567 1361 635; x_wconf 84' lang='lat' dir='ltr'><strong>ducit</strong></span> <span class='ocrx_word' id='word_1_12' title='bbox 1405 567 1486 634; x_wconf 94' lang='lat' dir='ltr'><strong>de</strong></span> <span class='ocrx_word' id='word_1_13' title='bbox 1530 576 1810 653; x_wconf 88' lang='lat' dir='ltr'><strong>pectore,</strong></span> <span class='ocrx_word' id='word_1_14' title='bbox 1861 569 2035 652; x_wconf 92' lang='lat' dir='ltr'><strong>quod</strong></span> <span class='ocrx_word' id='word_1_15' title='bbox 2075 588 2204 634; x_wconf 88' lang='lat' dir='ltr'><strong>non</strong></span> 
     </span>
     <span class='ocr_line' id='line_1_3' title="bbox 648 643 2300 765; baseline -0.002 -17"><span class='ocrx_word' id='word_1_16' title='bbox 648 683 816 749; x_wconf 85' lang='lat' dir='ltr'><strong>Tota</strong></span> <span class='ocrx_word' id='word_1_17' title='bbox 856 681 1054 748; x_wconf 88' lang='lat' dir='ltr'><strong>miser</strong></span> <span class='ocrx_word' id='word_1_18' title='bbox 1098 685 1347 746; x_wconf 61' lang='lat' dir='ltr'><strong>cossmat</strong></span> <span class='ocrx_word' id='word_1_19' title='bbox 1390 643 1638 765; x_wconf 56' lang='lat' dir='ltr'><strong>Saepta</strong></span> <span class='ocrx_word' id='word_1_20' title='bbox 1679 680 1975 764; x_wconf 84' lang='lat' dir='ltr'><strong>feratque</strong></span> <span class='ocrx_word' id='word_1_21' title='bbox 2020 679 2300 748; x_wconf 89' lang='lat' dir='ltr'><strong>domum.</strong></span> 
     </span>
     <span class='ocr_line' id='line_1_4' title="bbox 480 790 2455 875; baseline 0.001 -17"><span class='ocrx_word' id='word_1_22' title='bbox 480 803 515 858; x_wconf 89' lang='lat'>5</span> <span class='ocrx_word' id='word_1_23' title='bbox 562 793 770 874; x_wconf 85' lang='lat' dir='ltr'><strong>Quam</strong></span> <span class='ocrx_word' id='word_1_24' title='bbox 813 793 1000 859; x_wconf 86' lang='lat' dir='ltr'><strong>multi</strong></span> <span class='ocrx_word' id='word_1_25' title='bbox 1041 791 1306 874; x_wconf 86' lang='lat' dir='ltr'><strong>faciunt,</strong></span> <span class='ocrx_word' id='word_1_26' title='bbox 1354 791 1525 875; x_wconf 92' lang='lat' dir='ltr'><strong>quod</strong></span> <span class='ocrx_word' id='word_1_27' title='bbox 1568 792 1756 858; x_wconf 82' lang='lat' dir='ltr'><strong>Eros!</strong></span> <span class='ocrx_word' id='word_1_28' title='bbox 1820 790 1955 857; x_wconf 89' lang='lat' dir='ltr'><strong>Sed</strong></span> <span class='ocrx_word' id='word_1_29' title='bbox 1998 792 2242 859; x_wconf 90' lang='lat' dir='ltr'><strong>lumine</strong></span> <span class='ocrx_word' id='word_1_30' title='bbox 2283 793 2455 860; x_wconf 91' lang='lat' dir='ltr'><strong>sicco</strong></span> 
     </span>
     <span class='ocr_line' id='line_1_5' title="bbox 646 902 2533 1025; baseline -0.002 -54"><span class='ocrx_word' id='word_1_31' title='bbox 646 907 808 971; x_wconf 87' lang='lat' dir='ltr'><strong>Pars</strong></span> <span class='ocrx_word' id='word_1_32' title='bbox 852 904 1058 971; x_wconf 92' lang='lat' dir='ltr'><strong>maior</strong></span> <span class='ocrx_word' id='word_1_33' title='bbox 1100 904 1404 971; x_wconf 84' lang='lat' dir='ltr'><strong>lacrimas</strong></span> <span class='ocrx_word' id='word_1_34' title='bbox 1447 902 1618 970; x_wconf 87' lang='lat' dir='ltr'><strong>ridet</strong></span> <span class='ocrx_word' id='word_1_35' title='bbox 1661 912 1726 970; x_wconf 88' lang='lat' dir='ltr'><strong>et</strong></span> <span class='ocrx_word' id='word_1_36' title='bbox 1768 903 1940 969; x_wconf 88' lang='lat' dir='ltr'><strong>intus</strong></span> <span class='ocrx_word' id='word_1_37' title='bbox 1984 903 2200 971; x_wconf 85' lang='lat' dir='ltr'><strong>habet.</strong></span> <span class='ocrx_word' id='word_1_38' title='bbox 2298 922 2415 1020; x_wconf 64' lang='lat'><strong>7(</strong></span> <span class='ocrx_word' id='word_1_39' title='bbox 2439 924 2533 1025; x_wconf 68' lang='lat' dir='ltr'>Z</span> 
     </span>
    </p>
   </div>
   <div class='ocr_carea' id='block_1_3' title="bbox 560 1068 2502 1653">
    <p class='ocr_par' dir='ltr' id='par_1_3' title="bbox 560 1068 2502 1653">
     <span class='ocr_line' id='line_1_6' title="bbox 1370 1068 1671 1132; baseline -0.003 0"><span class='ocrx_word' id='word_1_40' title='bbox 1370 1068 1671 1132; x_wconf 90' lang='lat' dir='ltr'>LXXXI.</span> 
     </span>
     <span class='ocr_line' id='line_1_7' title="bbox 563 1177 2311 1262; baseline -0.001 -16"><span class='ocrx_word' id='word_1_41' title='bbox 563 1180 723 1247; x_wconf 85' lang='lat' dir='ltr'><strong>Cum</strong></span> <span class='ocrx_word' id='word_1_42' title='bbox 769 1178 896 1246; x_wconf 92' lang='lat' dir='ltr'><strong>duo</strong></span> <span class='ocrx_word' id='word_1_43' title='bbox 941 1181 1273 1245; x_wconf 88' lang='lat' dir='ltr'><strong>venissent</strong></span> <span class='ocrx_word' id='word_1_44' title='bbox 1315 1177 1403 1244; x_wconf 87' lang='lat' dir='ltr'><strong>ad</strong></span> <span class='ocrx_word' id='word_1_45' title='bbox 1445 1177 1758 1262; x_wconf 78' lang='lat' dir='ltr'>Phyllida</span> <span class='ocrx_word' id='word_1_46' title='bbox 1797 1198 1989 1245; x_wconf 90' lang='lat' dir='ltr'><strong>mane</strong></span> <span class='ocrx_word' id='word_1_47' title='bbox 2032 1179 2311 1247; x_wconf 86' lang='lat' dir='ltr'><strong>fututum</strong></span> 
     </span>
     <span class='ocr_line' id='line_1_8' title="bbox 643 1289 2163 1375; baseline 0 -19"><span class='ocrx_word' id='word_1_48' title='bbox 643 1292 727 1358; x_wconf 87' lang='lat' dir='ltr'><strong>Et</strong></span> <span class='ocrx_word' id='word_1_49' title='bbox 768 1289 1008 1357; x_wconf 90' lang='lat' dir='ltr'><strong>nudam</strong></span> <span class='ocrx_word' id='word_1_50' title='bbox 1054 1298 1317 1374; x_wconf 88' lang='lat' dir='ltr'><strong>cuperet</strong></span> <span class='ocrx_word' id='word_1_51' title='bbox 1359 1309 1616 1357; x_wconf 87' lang='lat' dir='ltr'><strong>sumere</strong></span> <span class='ocrx_word' id='word_1_52' title='bbox 1658 1297 1930 1373; x_wconf 87' lang='lat' dir='ltr'><strong>uterque</strong></span> <span class='ocrx_word' id='word_1_53' title='bbox 1974 1292 2163 1375; x_wconf 86' lang='lat' dir='ltr'><strong>prior,</strong></span> 
     </span>
     <span class='ocr_line' id='line_1_9' title="bbox 560 1401 2222 1488; baseline -0.001 -19"><span class='ocrx_word' id='word_1_54' title='bbox 560 1403 860 1469; x_wconf 80' lang='lat' dir='ltr'><strong>Promisit</strong></span> <span class='ocrx_word' id='word_1_55' title='bbox 901 1402 1148 1488; x_wconf 84' lang='lat' dir='ltr'><strong>pariter</strong></span> <span class='ocrx_word' id='word_1_56' title='bbox 1188 1419 1263 1468; x_wconf 87' lang='lat' dir='ltr'><strong>sc</strong></span> <span class='ocrx_word' id='word_1_57' title='bbox 1304 1401 1561 1487; x_wconf 77' lang='lat' dir='ltr'><strong>Phyllis</strong></span> <span class='ocrx_word' id='word_1_58' title='bbox 1606 1403 1864 1485; x_wconf 87' lang='lat' dir='ltr'><strong>utrique</strong></span> <span class='ocrx_word' id='word_1_59' title='bbox 1907 1401 2222 1482; x_wconf 83' lang='lat' dir='ltr'><strong>daturam,</strong></span> 
     </span>
     <span class='ocr_line' id='line_1_10' title="bbox 643 1512 2502 1653; baseline 0.001 -74"><span class='ocrx_word' id='word_1_60' title='bbox 643 1515 726 1581; x_wconf 87' lang='lat' dir='ltr'><strong>Et</strong></span> <span class='ocrx_word' id='word_1_61' title='bbox 769 1512 977 1580; x_wconf 88' lang='lat' dir='ltr'><strong>dedit:</strong></span> <span class='ocrx_word' id='word_1_62' title='bbox 1025 1514 1140 1579; x_wconf 90' lang='lat' dir='ltr'><strong>ille</strong></span> <span class='ocrx_word' id='word_1_63' title='bbox 1185 1512 1419 1597; x_wconf 89' lang='lat' dir='ltr'><strong>pedem</strong></span> <span class='ocrx_word' id='word_1_64' title='bbox 1463 1514 1744 1595; x_wconf 74' lang='lat' dir='ltr'><strong>sustulit,</strong></span> <span class='ocrx_word' id='word_1_65' title='bbox 1788 1513 1895 1579; x_wconf 87' lang='lat' dir='ltr'><strong>hic</strong></span> <span class='ocrx_word' id='word_1_66' title='bbox 1937 1513 2240 1580; x_wconf 86' lang='lat' dir='ltr'><strong>tunicam.</strong></span> <span class='ocrx_word' id='word_1_67' title='bbox 2287 1547 2502 1653; x_wconf 62' lang='lat' dir='ltr'><strong>,7lb</strong></span> 
     </span>
    </p>
   </div>
   <div class='ocr_carea' id='block_1_4' title="bbox 480 1671 2626 2748">
    <p class='ocr_par' dir='ltr' id='par_1_4' title="bbox 480 1671 2626 2748">
     <span class='ocr_line' id='line_1_11' title="bbox 1351 1671 1811 1774; baseline 0.004 -17"><span class='ocrx_word' id='word_1_68' title='bbox 1351 1671 1811 1774; x_wconf 52' lang='lat' dir='ltr'><strong>1220}anss</strong></span> 
     </span>
     <span class='ocr_line' id='line_1_12' title="bbox 562 1804 2076 1889; baseline 0 -18"><span class='ocrx_word' id='word_1_69' title='bbox 562 1805 633 1871; x_wconf 90' lang='lat' dir='ltr'><strong>Si</strong></span> <span class='ocrx_word' id='word_1_70' title='bbox 677 1804 837 1889; x_wconf 91' lang='lat' dir='ltr'><strong>quid</strong></span> <span class='ocrx_word' id='word_1_71' title='bbox 880 1812 1100 1872; x_wconf 89' lang='lat' dir='ltr'><strong>nostra</strong></span> <span class='ocrx_word' id='word_1_72' title='bbox 1141 1805 1272 1872; x_wconf 87' lang='lat' dir='ltr'><strong>tuis</strong></span> <span class='ocrx_word' id='word_1_73' title='bbox 1317 1804 1517 1871; x_wconf 88' lang='lat' dir='ltr'><strong>adicit</strong></span> <span class='ocrx_word' id='word_1_74' title='bbox 1560 1805 1820 1871; x_wconf 80' lang='lat' dir='ltr'><strong>vexatio</strong></span> <span class='ocrx_word' id='word_1_75' title='bbox 1863 1805 2076 1886; x_wconf 89' lang='lat' dir='ltr'><strong>rebus,</strong></span> 
     </span>
     <span class='ocr_line' id='line_1_13' title="bbox 645 1879 2020 2001; baseline 0 -19"><span class='ocrx_word' id='word_1_76' title='bbox 645 1918 838 1982; x_wconf 85' lang='lat' dir='ltr'><strong>Mane</strong></span> <span class='ocrx_word' id='word_1_77' title='bbox 881 1918 987 1984; x_wconf 85' lang='lat' dir='ltr'><strong>vel</strong></span> <span class='ocrx_word' id='word_1_78' title='bbox 1032 1879 1086 1993; x_wconf 58' lang='grc' dir='ltr'><em>ἕ</em></span> <span class='ocrx_word' id='word_1_79' title='bbox 1114 1916 1335 1983; x_wconf 84' lang='lat' dir='ltr'><strong>media</strong></span> <span class='ocrx_word' id='word_1_80' title='bbox 1377 1923 1563 1983; x_wconf 85' lang='lat' dir='ltr'><strong>nocte</strong></span> <span class='ocrx_word' id='word_1_81' title='bbox 1607 1923 1865 2001; x_wconf 87' lang='lat' dir='ltr'><strong>togatus</strong></span> <span class='ocrx_word' id='word_1_82' title='bbox 1911 1935 2020 1982; x_wconf 93' lang='lat' dir='ltr'><strong>ero</strong></span> 
     </span>
     <span class='ocr_line' id='line_1_14' title="bbox 563 2026 2157 2111; baseline 0.001 -18"><span class='ocrx_word' id='word_1_83' title='bbox 563 2027 1054 2111; x_wconf 78' lang='lat' dir='ltr'><strong>Stridentesque</strong></span> <span class='ocrx_word' id='word_1_84' title='bbox 1097 2028 1303 2094; x_wconf 84' lang='lat' dir='ltr'><strong>feram</strong></span> <span class='ocrx_word' id='word_1_85' title='bbox 1347 2027 1541 2095; x_wconf 86' lang='lat' dir='ltr'><strong>flatus</strong></span> <span class='ocrx_word' id='word_1_86' title='bbox 1586 2028 1909 2111; x_wconf 86' lang='lat' dir='ltr'><strong>aquilonis</strong></span> <span class='ocrx_word' id='word_1_87' title='bbox 1952 2026 2157 2111; x_wconf 90' lang='lat' dir='ltr'><strong>iniqui</strong></span> 
     </span>
     <span class='ocr_line' id='line_1_15' title="bbox 643 2121 2019 2225; baseline -0.001 -20"><span class='ocrx_word' id='word_1_88' title='bbox 643 2141 727 2205; x_wconf 85' lang='lat' dir='ltr'><strong>Et</strong></span> <span class='ocrx_word' id='word_1_89' title='bbox 771 2140 985 2225; x_wconf 83' lang='lat' dir='ltr'><strong>patiar</strong></span> <span class='ocrx_word' id='word_1_90' title='bbox 1028 2140 1279 2206; x_wconf 88' lang='lat' dir='ltr'><strong>nimbos</strong></span> <span class='ocrx_word' id='word_1_91' title='bbox 1324 2121 1774 2224; x_wconf 72' lang='lat' dir='ltr'><strong>excipiamque</strong></span> <span class='ocrx_word' id='word_1_92' title='bbox 1816 2140 2019 2205; x_wconf 81' lang='lat' dir='ltr'><strong>nives.</strong></span> 
     </span>
     <span class='ocr_line' id='line_1_16' title="bbox 480 2250 2000 2336; baseline 0.002 -22"><span class='ocrx_word' id='word_1_93' title='bbox 480 2260 513 2314; x_wconf 84' lang='lat'>5</span> <span class='ocrx_word' id='word_1_94' title='bbox 561 2250 694 2317; x_wconf 87' lang='lat' dir='ltr'><strong>Sed</strong></span> <span class='ocrx_word' id='word_1_95' title='bbox 737 2251 792 2316; x_wconf 88' lang='lat' dir='ltr'><strong>si</strong></span> <span class='ocrx_word' id='word_1_96' title='bbox 838 2271 968 2317; x_wconf 90' lang='lat' dir='ltr'><strong>non</strong></span> <span class='ocrx_word' id='word_1_97' title='bbox 1009 2250 1131 2318; x_wconf 85' lang='lat' dir='ltr'><strong>fias</strong></span> <span class='ocrx_word' id='word_1_98' title='bbox 1175 2250 1536 2336; x_wconf 77' lang='lat' dir='ltr'><strong>quadrante</strong></span> <span class='ocrx_word' id='word_1_99' title='bbox 1578 2251 1829 2318; x_wconf 86' lang='lat' dir='ltr'><strong>beatior</strong></span> <span class='ocrx_word' id='word_1_100' title='bbox 1872 2271 2000 2317; x_wconf 91' lang='lat' dir='ltr'><strong>uno</strong></span> 
     </span>
     <span class='ocr_line' id='line_1_17' title="bbox 641 2303 2242 2484; baseline 0.001 -56"><span class='ocrx_word' id='word_1_101' title='bbox 641 2364 766 2428; x_wconf 87' lang='lat' dir='ltr'><strong>Per</strong></span> <span class='ocrx_word' id='word_1_102' title='bbox 809 2364 1089 2447; x_wconf 81' lang='lat' dir='ltr'><strong>gemitus</strong></span> <span class='ocrx_word' id='word_1_103' title='bbox 1132 2370 1383 2429; x_wconf 85' lang='lat' dir='ltr'><strong>nostros</strong></span> <span class='ocrx_word' id='word_1_104' title='bbox 1426 2364 1876 2447; x_wconf 84' lang='lat' dir='ltr'><strong>ingenuasque</strong></span> <span class='ocrx_word' id='word_1_105' title='bbox 1919 2303 2242 2484; x_wconf 61' lang='lat' dir='ltr'><strong>crucesa</strong></span> 
     </span>
     <span class='ocr_line' id='line_1_18' title="bbox 558 2454 2282 2560; baseline 0.001 -20"><span class='ocrx_word' id='word_1_106' title='bbox 558 2474 779 2555; x_wconf 86' lang='lat' dir='ltr'><strong>Parce,</strong></span> <span class='ocrx_word' id='word_1_107' title='bbox 827 2494 1068 2560; x_wconf 77' lang='lat' dir='ltr'><strong>precor,</strong></span> <span class='ocrx_word' id='word_1_108' title='bbox 1116 2473 1289 2540; x_wconf 83' lang='lat' dir='ltr'><strong>fesso</strong></span> <span class='ocrx_word' id='word_1_109' title='bbox 1331 2493 1668 2558; x_wconf 82' lang='lat' dir='ltr'><strong>vanosque</strong></span> <span class='ocrx_word' id='word_1_110' title='bbox 1709 2454 2282 2559; x_wconf 59' lang='lat' dir='ltr'><strong>rmbores,</strong></span> 
     </span>
     <span class='ocr_line' id='line_1_19' title="bbox 642 2585 2626 2748; baseline 0 -95"><span class='ocrx_word' id='word_1_111' title='bbox 642 2585 767 2666; x_wconf 83' lang='lat' dir='ltr'><strong>Qui</strong></span> <span class='ocrx_word' id='word_1_112' title='bbox 813 2586 931 2653; x_wconf 86' lang='lat' dir='ltr'><strong>tibi</strong></span> <span class='ocrx_word' id='word_1_113' title='bbox 975 2605 1105 2652; x_wconf 91' lang='lat' dir='ltr'><strong>non</strong></span> <span class='ocrx_word' id='word_1_114' title='bbox 1146 2593 1413 2670; x_wconf 85' lang='lat' dir='ltr'><strong>prosunt</strong></span> <span class='ocrx_word' id='word_1_115' title='bbox 1457 2593 1524 2652; x_wconf 87' lang='lat' dir='ltr'><strong>et</strong></span> <span class='ocrx_word' id='word_1_116' title='bbox 1564 2586 1742 2667; x_wconf 88' lang='lat' dir='ltr'><strong>mihi,</strong></span> <span class='ocrx_word' id='word_1_117' title='bbox 1792 2586 2001 2668; x_wconf 82' lang='lat' dir='ltr'><strong>Galle,</strong></span> <span class='ocrx_word' id='word_1_118' title='bbox 2049 2594 2298 2655; x_wconf 89' lang='lat' dir='ltr'><strong>nocent.</strong></span> <span class='ocrx_word' id='word_1_119' title='bbox 2361 2589 2451 2684; x_wconf 71' lang='lat'><strong>‘¹7</strong></span> <span class='ocrx_word' id='word_1_120' title='bbox 2468 2600 2626 2748; x_wconf 59' lang='lat' dir='ltr'><strong>Llf</strong></span> 
     </span>
    </p>
   </div>
   <div class='ocr_carea' id='block_1_5' title="bbox 1728 1991 1980 2013">
    <p class='ocr_par' dir='ltr' id='par_1_5' title="bbox 1728 1991 1980 2013">
     <span class='ocr_line' id='line_1_20' title="bbox 1728 1991 1980 2013; baseline 0 3071"><span class='ocrx_word' id='word_1_121' title='bbox 1728 1991 1980 2013; x_wconf 95' lang='lat' dir='ltr'><strong> </strong></span> 
     </span>
    </p>
   </div>
   <div class='ocr_carea' id='block_1_6' title="bbox 475 2765 1990 3538">
    <p class='ocr_par' dir='ltr' id='par_1_6' title="bbox 475 2765 1990 3538">
     <span class='ocr_line' id='line_1_21' title="bbox 1321 2765 1774 2876; baseline -0.004 -27"><span class='ocrx_word' id='word_1_122' title='bbox 1321 2765 1774 2876; x_wconf 61' lang='lat' dir='ltr'><strong>Lxxxmss</strong></span> 
     </span>
     <span class='ocr_line' id='line_1_22' title="bbox 558 2894 1872 2979; baseline 0 -18"><span class='ocrx_word' id='word_1_123' title='bbox 558 2896 761 2961; x_wconf 88' lang='lat' dir='ltr'><strong>Raros</strong></span> <span class='ocrx_word' id='word_1_124' title='bbox 805 2894 1060 2979; x_wconf 78' lang='lat' dir='ltr'><strong>colligis</strong></span> <span class='ocrx_word' id='word_1_125' title='bbox 1104 2894 1255 2960; x_wconf 88' lang='lat' dir='ltr'><strong>hinc</strong></span> <span class='ocrx_word' id='word_1_126' title='bbox 1300 2903 1365 2962; x_wconf 94' lang='lat' dir='ltr'><strong>et</strong></span> <span class='ocrx_word' id='word_1_127' title='bbox 1409 2895 1558 2961; x_wconf 90' lang='lat' dir='ltr'><strong>hinc</strong></span> <span class='ocrx_word' id='word_1_128' title='bbox 1602 2894 1872 2979; x_wconf 88' lang='lat' dir='ltr'><strong>capillos</strong></span> 
     </span>
     <span class='ocr_line' id='line_1_23' title="bbox 557 3005 1780 3084; baseline -0.001 -12"><span class='ocrx_word' id='word_1_129' title='bbox 557 3007 638 3073; x_wconf 84' lang='lat' dir='ltr'><strong>Et</strong></span> <span class='ocrx_word' id='word_1_130' title='bbox 679 3007 884 3072; x_wconf 87' lang='lat' dir='ltr'><strong>latum</strong></span> <span class='ocrx_word' id='word_1_131' title='bbox 926 3005 1093 3074; x_wconf 85' lang='lat' dir='ltr'><strong>nitid</strong></span> <span class='ocrx_word' id='word_1_132' title='bbox 1135 3026 1189 3084; x_wconf 93' lang='lat' dir='ltr'><strong>e,</strong></span> <span class='ocrx_word' id='word_1_133' title='bbox 1237 3006 1502 3083; x_wconf 88' lang='lat' dir='ltr'><strong>Marine,</strong></span> <span class='ocrx_word' id='word_1_134' title='bbox 1551 3009 1780 3072; x_wconf 87' lang='lat' dir='ltr'><strong>calvae</strong></span> 
     </span>
     <span class='ocr_line' id='line_1_24' title="bbox 557 3076 1864 3202; baseline -0.001 -18"><span class='ocrx_word' id='word_1_135' title='bbox 557 3117 871 3202; x_wconf 88' lang='lat' dir='ltr'><strong>Campum</strong></span> <span class='ocrx_word' id='word_1_136' title='bbox 914 3125 1044 3183; x_wconf 89' lang='lat' dir='ltr'><strong>tem</strong></span> <span class='ocrx_word' id='word_1_137' title='bbox 1235 3137 1309 3183; x_wconf 93' lang='lat' dir='ltr'><strong>us</strong></span> <span class='ocrx_word' id='word_1_138' title='bbox 1354 3118 1522 3202; x_wconf 86' lang='lat' dir='ltr'><strong>tegis</strong></span> <span class='ocrx_word' id='word_1_139' title='bbox 1568 3076 1864 3198; x_wconf 49' lang='lat' dir='ltr'><strong>effluatim</strong></span> 
     </span>
     <span class='ocr_line' id='line_1_25' title="bbox 558 3227 1750 3297; baseline 0.002 -2"><span class='ocrx_word' id='word_1_140' title='bbox 558 3227 692 3295; x_wconf 88' lang='lat' dir='ltr'><strong>Sed</strong></span> <span class='ocrx_word' id='word_1_141' title='bbox 733 3230 887 3297; x_wconf 89' lang='lat' dir='ltr'><strong>moti</strong></span> <span class='ocrx_word' id='word_1_142' title='bbox 932 3228 1205 3296; x_wconf 89' lang='lat' dir='ltr'><strong>redeunt</strong></span> <span class='ocrx_word' id='word_1_143' title='bbox 1250 3229 1513 3296; x_wconf 89' lang='lat' dir='ltr'><strong>iubente</strong></span> <span class='ocrx_word' id='word_1_144' title='bbox 1557 3239 1750 3297; x_wconf 82' lang='lat' dir='ltr'><strong>vento</strong></span> 
     </span>
     <span class='ocr_line' id='line_1_26' title="bbox 475 3341 1884 3426; baseline 0.004 -23"><span class='ocrx_word' id='word_1_145' title='bbox 475 3348 508 3402; x_wconf 85' lang='lat'>5</span> <span class='ocrx_word' id='word_1_146' title='bbox 556 3341 650 3406; x_wconf 88' lang='lat' dir='ltr'><strong>Re</strong></span> <span class='ocrx_word' id='word_1_147' title='bbox 743 3348 1061 3424; x_wconf 88' lang='lat' dir='ltr'><strong>unturque</strong></span> <span class='ocrx_word' id='word_1_148' title='bbox 1107 3341 1228 3407; x_wconf 89' lang='lat' dir='ltr'><strong>sibi</strong></span> <span class='ocrx_word' id='word_1_149' title='bbox 1276 3349 1596 3426; x_wconf 89' lang='lat' dir='ltr'><strong>caputque</strong></span> <span class='ocrx_word' id='word_1_150' title='bbox 1641 3341 1884 3408; x_wconf 88' lang='lat' dir='ltr'><strong>nudum</strong></span> 
     </span>
     <span class='ocr_line' id='line_1_27' title="bbox 554 3451 1990 3538; baseline -0.001 -18"><span class='ocrx_word' id='word_1_151' title='bbox 554 3453 628 3520; x_wconf 84' lang='lat' dir='ltr'><strong>ci</strong></span> <span class='ocrx_word' id='word_1_152' title='bbox 720 3471 752 3518; x_wconf 98' lang='lat' dir='ltr'><strong>s</strong></span> <span class='ocrx_word' id='word_1_153' title='bbox 795 3451 1153 3536; x_wconf 84' lang='lat' dir='ltr'><strong>grandibus</strong></span> <span class='ocrx_word' id='word_1_154' title='bbox 1196 3453 1347 3520; x_wconf 89' lang='lat' dir='ltr'><strong>hinc</strong></span> <span class='ocrx_word' id='word_1_155' title='bbox 1392 3462 1456 3521; x_wconf 89' lang='lat' dir='ltr'><strong>et</strong></span> <span class='ocrx_word' id='word_1_156' title='bbox 1498 3453 1653 3520; x_wconf 91' lang='lat' dir='ltr'><strong>inde</strong></span> <span class='ocrx_word' id='word_1_157' title='bbox 1697 3454 1990 3538; x_wconf 87' lang='lat' dir='ltr'><strong>cingunt:</strong></span> 
     </span>
    </p>
   </div>
   <div class='ocr_carea' id='block_1_7' title="bbox 453 3593 795 3602">
    <p class='ocr_par' dir='ltr' id='par_1_7' title="bbox 453 3593 795 3602">
     <span class='ocr_line' id='line_1_28' title="bbox 453 3593 795 3602; baseline 0 1482"><span class='ocrx_word' id='word_1_158' title='bbox 453 3593 795 3602; x_wconf 95' lang='lat' dir='ltr'><strong> </strong></span> 
     </span>
    </p>
   </div>
   <div class='ocr_carea' id='block_1_8' title="bbox 522 3657 2125 3725">
    <p class='ocr_par' dir='ltr' id='par_1_8' title="bbox 522 3657 2125 3725">
     <span class='ocr_line' id='line_1_29' title="bbox 522 3657 2125 3725; baseline 0 -11"><span class='ocrx_word' id='word_1_159' title='bbox 522 3658 732 3714; x_wconf 90' lang='lat' dir='ltr'>LXXX</span> <span class='ocrx_word' id='word_1_160' title='bbox 766 3662 815 3710; x_wconf 85' lang='lat'><strong>5.</strong></span> <span class='ocrx_word' id='word_1_161' title='bbox 863 3657 1033 3716; x_wconf 72' lang='lat' dir='ltr'><strong>Eros!</strong></span> <span class='ocrx_word' id='word_1_162' title='bbox 1075 3659 1233 3715; x_wconf 84' lang='lat' dir='ltr'><strong>sicco</strong></span> <span class='ocrx_word' id='word_1_163' title='bbox 1271 3659 1478 3713; x_wconf 77' lang='lat' dir='ltr'><strong>Mum-0</strong></span> <span class='ocrx_word' id='word_1_164' title='bbox 1545 3659 1704 3725; x_wconf 83' lang='lat' dir='ltr'><strong>Eros,</strong></span> <span class='ocrx_word' id='word_1_165' title='bbox 1740 3659 1926 3716; x_wconf 72' lang='lat' dir='ltr'><strong>sicco!</strong></span> <span class='ocrx_word' id='word_1_166' title='bbox 1971 3661 2125 3714; x_wconf 69' lang='lat' dir='ltr'><strong>Selm-</strong></span> 
     </span>
    </p>
   </div>
   <div class='ocr_carea' id='block_1_9' title="bbox 395 3783 799 3792">
    <p class='ocr_par' dir='ltr' id='par_1_9' title="bbox 395 3783 799 3792">
     <span class='ocr_line' id='line_1_30' title="bbox 395 3783 799 3792; baseline 0 1292"><span class='ocrx_word' id='word_1_167' title='bbox 395 3783 799 3792; x_wconf 95' lang='lat' dir='ltr'><strong> </strong></span> 
     </span>
    </p>
   </div>
   <div class='ocr_carea' id='block_1_10' title="bbox 518 3863 2702 4180">
    <p class='ocr_par' dir='ltr' id='par_1_10' title="bbox 525 3863 2702 3934">
     <span class='ocr_line' id='line_1_31' title="bbox 525 3863 2702 3934; baseline -0.002 -18"><span class='ocrx_word' id='word_1_168' title='bbox 525 3867 574 3919; x_wconf 83' lang='lat'><strong>4.</strong></span> <span class='ocrx_word' id='word_1_169' title='bbox 631 3866 845 3934; x_wconf 78' lang='lat' dir='ltr'><strong>Saepta.</strong></span> <span class='ocrx_word' id='word_1_170' title='bbox 906 3863 988 3919; x_wconf 76' lang='lat' dir='ltr'><strong>Zu</strong></span> <span class='ocrx_word' id='word_1_171' title='bbox 1023 3863 1106 3918; x_wconf 84' lang='lat' dir='ltr'><strong>1x</strong></span> <span class='ocrx_word' id='word_1_172' title='bbox 1141 3866 1223 3929; x_wconf 82' lang='lat'><strong>59,</strong></span> <span class='ocrx_word' id='word_1_173' title='bbox 1266 3866 1310 3916; x_wconf 79' lang='grc' dir='ltr'><strong>ι.</strong></span> <span class='ocrx_word' id='word_1_174' title='bbox 2698 3908 2702 3912; x_wconf 83' lang='grc'><strong>,</strong></span> 
     </span>
    </p>

    <p class='ocr_par' dir='ltr' id='par_1_11' title="bbox 518 3948 2645 4023">
     <span class='ocr_line' id='line_1_32' title="bbox 518 3948 2645 4023; baseline 0.002 -21"><span class='ocrx_word' id='word_1_175' title='bbox 518 3948 756 4004; x_wconf 88' lang='lat' dir='ltr'>LXXXI</span> <span class='ocrx_word' id='word_1_176' title='bbox 791 3953 842 4004; x_wconf 78' lang='lat'><strong>4.</strong></span> <span class='ocrx_word' id='word_1_177' title='bbox 895 3949 987 4004; x_wconf 74' lang='lat' dir='ltr'><strong>ille</strong></span> <span class='ocrx_word' id='word_1_178' title='bbox 1012 3951 1205 4019; x_wconf 76' lang='lat' dir='ltr'><strong>podem</strong></span> <span class='ocrx_word' id='word_1_179' title='bbox 1237 3950 1468 4005; x_wconf 60' lang='lat' dir='ltr'><strong>sustulit.</strong></span> <span class='ocrx_word' id='word_1_180' title='bbox 1526 3949 1657 4021; x_wconf 86' lang='lat' dir='ltr'><strong>Vgl.</strong></span> <span class='ocrx_word' id='word_1_181' title='bbox 1693 3949 1777 4004; x_wconf 91' lang='lat' dir='ltr'><strong>XI</strong></span> <span class='ocrx_word' id='word_1_182' title='bbox 1813 3953 1895 4018; x_wconf 83' lang='lat'><strong>71,</strong></span> <span class='ocrx_word' id='word_1_183' title='bbox 1932 3953 1964 4005; x_wconf 83' lang='lat'><em>8</em></span> <span class='ocrx_word' id='word_1_184' title='bbox 2000 3951 2415 4023; x_wconf 83' lang='lat' dir='ltr'><strong>Tollunturque</strong></span> <span class='ocrx_word' id='word_1_185' title='bbox 2451 3954 2645 4022; x_wconf 85' lang='lat' dir='ltr'><strong>pedes.</strong></span> 
     </span>
    </p>

    <p class='ocr_par' dir='ltr' id='par_1_12' title="bbox 519 4020 2648 4180">
     <span class='ocr_line' id='line_1_33' title="bbox 519 4020 2631 4179; baseline 0.001 -91"><span class='ocrx_word' id='word_1_186' title='bbox 519 4034 788 4090; x_wconf 79' lang='lat' dir='ltr'><strong>Lxxxn</strong></span> <span class='ocrx_word' id='word_1_187' title='bbox 823 4037 873 4088; x_wconf 84' lang='lat'><strong>2.</strong></span> <span class='ocrx_word' id='word_1_188' title='bbox 934 4040 1143 4107; x_wconf 71' lang='lat' dir='ltr'><strong>toqatm</strong></span> <span class='ocrx_word' id='word_1_189' title='bbox 1176 4053 1284 4091; x_wconf 73' lang='lat' dir='ltr'><strong>ero.</strong></span> <span class='ocrx_word' id='word_1_190' title='bbox 1347 4035 1417 4090; x_wconf 90' lang='lat' dir='ltr'><strong>D.</strong></span> <span class='ocrx_word' id='word_1_191' title='bbox 1454 4036 1508 4091; x_wconf 83' lang='lat' dir='ltr'><strong>h.</strong></span> <span class='ocrx_word' id='word_1_192' title='bbox 1547 4036 1665 4091; x_wconf 79' lang='lat' dir='ltr'><strong>wm</strong></span> <span class='ocrx_word' id='word_1_193' title='bbox 1701 4036 1795 4091; x_wconf 83' lang='lat' dir='ltr'><strong>ich</strong></span> <span class='ocrx_word' id='word_1_194' title='bbox 1830 4036 2312 4094; x_wconf 74' lang='lat' dir='ltr'><strong>cuentendienste</strong></span> <span class='ocrx_word' id='word_1_195' title='bbox 2348 4037 2506 4093; x_wconf 73' lang='lat' dir='ltr'><strong>than.</strong></span> <span class='ocrx_word' id='word_1_196' title='bbox 2553 4020 2631 4179; x_wconf 53' lang='grc' dir='ltr'><em>ς</em></span> 
     </span>
     <span class='ocr_line' id='line_1_34' title="bbox 2610 4141 2648 4180; baseline 0 0"><span class='ocrx_word' id='word_1_197' title='bbox 2610 4141 2648 4180; x_wconf 90' lang='lat' dir='ltr'><strong>u</strong></span> 
     </span>
    </p>
   </div>
   <div class='ocr_carea' id='block_1_11' title="bbox 383 4120 2495 4272">
    <p class='ocr_par' dir='ltr' id='par_1_13' title="bbox 383 4120 2495 4272">
     <span class='ocr_line' id='line_1_35' title="bbox 383 4120 2495 4260; baseline 0.001 -87"><span class='ocrx_word' id='word_1_198' title='bbox 383 4206 411 4260; x_wconf 91' lang='lat'>1</span> <span class='ocrx_word' id='word_1_199' title='bbox 452 4208 473 4259; x_wconf 72' lang='lat'><strong>¹</strong></span> <span class='ocrx_word' id='word_1_200' title='bbox 518 4125 597 4256; x_wconf 64' lang='lat'><strong>6.7</strong></span> <span class='ocrx_word' id='word_1_201' title='bbox 614 4120 969 4192; x_wconf 68' lang='lat' dir='ltr'><strong>inqmuasque</strong></span> <span class='ocrx_word' id='word_1_202' title='bbox 1003 4139 1195 4176; x_wconf 68' lang='lat' dir='ltr'><strong>eruces.</strong></span> <span class='ocrx_word' id='word_1_203' title='bbox 1265 4121 1333 4176; x_wconf 90' lang='lat' dir='ltr'><strong>D.</strong></span> <span class='ocrx_word' id='word_1_204' title='bbox 1371 4120 1423 4175; x_wconf 85' lang='lat' dir='ltr'><strong>h.</strong></span> <span class='ocrx_word' id='word_1_205' title='bbox 1471 4121 2495 4245; x_wconf 68' lang='lat' dir='ltr'><strong>sklaviQn.</strong></span> 
     </span>
     <span class='ocr_line' id='line_1_36' title="bbox 481 4204 847 4272; baseline 0.005 -13"><span class='ocrx_word' id='word_1_206' title='bbox 481 4210 529 4272; x_wconf 76' lang='lat'><strong>5,</strong></span> <span class='ocrx_word' id='word_1_207' title='bbox 603 4248 616 4260; x_wconf 93' lang='lat'>.</span> <span class='ocrx_word' id='word_1_208' title='bbox 837 4204 847 4216; x_wconf 86' lang='lat'><strong>·</strong></span> 
     </span>
    </p>
   </div>
   <div class='ocr_carea' id='block_1_12' title="bbox 519 4291 2197 4449">
    <p class='ocr_par' dir='ltr' id='par_1_14' title="bbox 519 4291 2197 4449">
     <span class='ocr_line' id='line_1_37' title="bbox 519 4291 1407 4349; baseline 0.001 -2"><span class='ocrx_word' id='word_1_209' title='bbox 519 4291 835 4348; x_wconf 85' lang='lat' dir='ltr'>LXXXIII.</span> <span class='ocrx_word' id='word_1_210' title='bbox 894 4292 1202 4349; x_wconf 84' lang='lat' dir='ltr'><strong>Verwandt</strong></span> <span class='ocrx_word' id='word_1_211' title='bbox 1234 4293 1290 4349; x_wconf 84' lang='lat' dir='ltr'><strong>V</strong></span> <span class='ocrx_word' id='word_1_212' title='bbox 1323 4295 1407 4348; x_wconf 85' lang='lat'><strong>49.</strong></span> 
     </span>
     <span class='ocr_line' id='line_1_38' title="bbox 525 4377 2197 4449; baseline 0 -18"><span class='ocrx_word' id='word_1_213' title='bbox 525 4382 569 4435; x_wconf 88' lang='lat'><strong>1.</strong></span> <span class='ocrx_word' id='word_1_214' title='bbox 632 4378 687 4434; x_wconf 83' lang='lat' dir='ltr'><strong>V</strong></span> <span class='ocrx_word' id='word_1_215' title='bbox 722 4382 806 4445; x_wconf 76' lang='lat'><strong>49,</strong></span> <span class='ocrx_word' id='word_1_216' title='bbox 843 4381 876 4431; x_wconf 80' lang='lat'>4</span> <span class='ocrx_word' id='word_1_217' title='bbox 911 4377 1055 4435; x_wconf 84' lang='lat' dir='ltr'><strong>Sunt</strong></span> <span class='ocrx_word' id='word_1_218' title='bbox 1087 4377 1247 4434; x_wconf 85' lang='lat' dir='ltr'><strong>illinc</strong></span> <span class='ocrx_word' id='word_1_219' title='bbox 1282 4379 1404 4445; x_wconf 82' lang='lat' dir='ltr'><strong>tibi,</strong></span> <span class='ocrx_word' id='word_1_220' title='bbox 1439 4386 1575 4435; x_wconf 85' lang='lat' dir='ltr'><strong>sunt</strong></span> <span class='ocrx_word' id='word_1_221' title='bbox 1611 4386 1671 4437; x_wconf 86' lang='lat' dir='ltr'><strong>et</strong></span> <span class='ocrx_word' id='word_1_222' title='bbox 1704 4380 1837 4436; x_wconf 89' lang='lat' dir='ltr'><strong>hinc</strong></span> <span class='ocrx_word' id='word_1_223' title='bbox 1874 4379 2086 4449; x_wconf 81' lang='lat' dir='ltr'><strong>capilli.</strong></span> <span class='ocrx_word' id='word_1_224' title='bbox 2188 4404 2197 4414; x_wconf 93' lang='lat'><strong>·</strong></span> 
     </span>
    </p>
   </div>
  </div>
 </body>
</html>
