3192 5084
518 350 645 412 242
1329 349 1403 404 Μ.
1441 348 1656 405 Valerii
1690 349 1963 408 Martialis

688 521 829 588 Nec
871 522 1098 588 molles
1143 520 1611 606 Elephantidos
1654 522 1882 588 libelli.

606 641 640 697 5
689 633 853 700 Sunt
895 633 1031 699 illic
1074 633 1344 699 Veneris
1387 652 1599 700 novae
1641 632 1906 718 figurae,

685 743 925 823 Quales
970 743 1262 829 perditus
1307 742 1547 812 audeat
1590 744 1852 827 fututor,

684 858 1024 923 Praestent
1067 863 1133 923 et
1174 864 1433 923 taceant
1475 854 1635 940 quid
1679 856 1937 937 exoleti,

686 966 828 1046 Quo
871 970 1341 1053 symplegmate
1387 969 1673 1051 quinque
1716 969 2110 1053 copulentur,

684 1077 830 1157 Qua
870 1081 1089 1164 plures
1134 1085 1475 1146 teneantur
1517 1100 1561 1145 a
1606 1086 1852 1159 catena,

565 1198 638 1256 10
684 1191 1053 1258 Extinctam
1096 1192 1290 1258 liceat
1332 1189 1491 1274 quid
1536 1189 1623 1256 ad
1668 1190 2014 1256 lucernam.

683 1302 879 1368 Tanti
923 1261 1051 1368 nfm
1097 1310 1251 1382 erat,
1301 1319 1446 1368 esse
1490 1310 1556 1368 te
1601 1300 1930 1368 disertum.
2002 1360 2095 1450 ‘¹7
2116 1345 2146 1447 1
2169 1340 2247 1444 q

1525 1464 1760 1531 XLIV.

679 1574 903 1657 Unice,
952 1582 1225 1661 cognato
1268 1577 1557 1641 iunctum
1603 1575 1762 1641 mihi
1804 1576 2123 1659 sanguine
2165 1595 2400 1642 nomen

552 1663 572 1772 J
767 1671 893 1765 Qui
937 1688 1129 1772 geris,
1179 1695 1245 1754 et
1288 1686 1501 1755 studio
1547 1686 1744 1754 corda
1788 1689 2148 1772 propinqua
2192 1688 2381 1768 meis;

681 1798 987 1865 Carmina
1030 1819 1173 1865 cum
1218 1799 1424 1865 facias
1470 1798 1593 1865 soli
1640 1797 1939 1865 cedentia
1981 1798 2182 1878 fratri,

761 1912 1029 1978 Pectore
1073 1931 1203 1977 non
1246 1912 1452 1976 minor
1497 1930 1587 1991 es,
1634 1908 1752 1976 sed
1798 1910 2041 1993 pietate
2084 1909 2279 1993 prior.

640 2108 826 2163 XLIV
864 2112 912 2162 1.
952 2110 983 2159 2
1019 2108 1154 2161 nach
1190 2106 1412 2161 Mum-0·
1434 2108 1564 2179 (vql.
1590 2110 1781 2172 senten)
1845 2107 1891 2160 1.
1932 2120 2152 2172 nomen,
2182 2106 2322 2159 Sclm
2392 2108 2441 2158 2.
2483 2105 2590 2191 Qui
2625 2107 2779 2177 geris

508 2200 567 2251 et
601 2193 792 2250 studio
830 2193 1006 2249 corda
1042 2193 1231 2259 (corde
1266 2192 1348 2259 F)
1395 2193 1720 2263 propinqua
1754 2207 1879 2248 meo
1919 2192 2081 2255 PQF
2098 2192 2240 2246 Selm
2309 2206 2382 2262 q..
2405 2207 2462 2262 g.
2493 2197 2551 2248 et
2585 2194 2778 2250 studio

508 2297 560 2336 c.
599 2295 683 2348 pr.
719 2278 859 2336 meis
895 2279 956 2332 Ε
1034 2293 1088 2349 q.
1128 2293 1185 2348 g.
1227 2278 1420 2336 studio
1456 2294 1509 2333 c.
1548 2292 1633 2348 pr.
1670 2277 1809 2333 meis
1848 2278 1916 2332 X
2002 2292 2056 2348 q.
2091 2292 2148 2347 g.
2187 2277 2395 2334 studiis
2432 2293 2480 2332 c.
2516 2293 2602 2346 pr.
2642 2279 2781 2335 meis

505 2367 618 2420 ΑΟ
674 2382 726 2436 q.
761 2380 818 2435 g.
859 2364 972 2420 hoc
1008 2365 1199 2421 studio
1237 2381 1287 2421 c.
1328 2380 1414 2435 pr.
1457 2364 1597 2420 meis
1634 2363 1690 2417 B
1749 2363 1969 2433 Quique
2003 2363 2154 2434 geris
2192 2361 2400 2420 studiis
2437 2364 2613 2419 corda
2647 2381 2777 2434 pro-

505 2450 720 2522 pinqua
754 2449 892 2506 meis
929 2472 972 2504 ω
995 2450 1095 2504 Ser
1187 2452 1235 2503 4.
1273 2449 1529 2515 Pectore]
1563 2448 1803 2505 Pectine
1842 2451 1998 2503 Hm.-
2036 2451 2136 2520 vql.
2174 2467 2240 2502 zu
2274 2449 2321 2503 I
2348 2456 2431 2515 25,
2468 2456 2515 2503 2.

647 2603 833 2658 XLm
867 2607 916 2656 4.
954 2608 1003 2657 5.
1063 2604 1253 2673 Priap.
1293 2606 1342 2669 4,
1382 2607 1405 2657 1
1447 2604 1740 2661 Obscenas
1775 2635 1844 2643 —
1880 2603 2122 2661 tabellas
2193 2606 2245 2658 2.
2287 2632 2350 2644 —
2389 2618 2459 2660 ex
2494 2603 2782 2674 Elephan-

507 2689 661 2746 tidos
695 2688 905 2746 libellis
939 2720 1011 2729 —
1047 2694 1096 2744 3.
1136 2696 1342 2756 tentes3
1388 2692 1435 2743 4.
1473 2689 1534 2745 Si
1570 2690 1761 2759 pictas
1797 2705 1943 2759 opus
1981 2690 2118 2745 edat
2152 2690 2226 2745 ad
2249 2688 2479 2760 ligures.
2542 2693 2594 2744 5.
2621 2689 2782 2746 Ovid.

505 2775 600 2831 Tr.
648 2776 706 2831 II
755 2777 855 2829 523
892 2791 1037 2848 quae
1082 2776 1422 2833 concubitus
1476 2776 1670 2832 varios
1722 2775 2073 2847 Venerisque
2117 2774 2329 2846 figuras
2372 2775 2668 2845 Exprimat
2709 2805 2780 2817 —-

506 2861 737 2919 tabella.
792 2861 877 2917 Id.
917 2861 988 2918 A.
1026 2879 1132 2918 am.
1172 2862 1229 2917 11
1263 2864 1364 2915 679
1399 2862 1678 2918 Venerem
1704 2861 1959 2933 jungunt
1992 2877 2096 2932 per
2129 2861 2283 2917 mille
2319 2859 2549 2932 figuras.
2714 2874 2726 2886 ·

640 3039 689 3087 4.
738 3033 1127 3104 Elephantidos
1172 3032 1356 3088 libelli.
1427 3031 1657 3089 Sueton.
1700 3032 1886 3090 Tiber.
1937 3049 1985 3088 c.
2022 3035 2087 3085 43
2138 3032 2405 3089 cubicula
2438 3062 2507 3073 —
2550 3032 2780 3091 tabellis

503 3135 572 3177 ac
596 3119 800 3189 sig-illis
823 3119 1324 3176 lascivissimarum
1357 3119 1709 3189 picturarum
1744 3124 1803 3175 et
1837 3116 2140 3189 figurarum
2178 3119 2480 3175 adornavit
2502 3118 2775 3191 librisque

502 3204 917 3275 Elephantidos
960 3204 1255 3271 instruxit,
1300 3219 1372 3260 ne
1423 3205 1518 3261 cui
1559 3206 1623 3261 in
1659 3220 1835 3274 opera
1887 3205 2110 3261 edenda
2163 3203 2423 3274 exempla
2465 3204 2778 3274 imperatae

503 3290 765 3347 schemae
801 3289 1083 3347 deessent.
1148 3289 1356 3348 Suidas
1393 3307 1436 3347 s.
1474 3308 1528 3346 v.
1561 3287 1918 3347 Ἀστυάνασσα
1932 3332 1946 3355 ,
1996 3290 2096 3346 der
2144 3290 2271 3345 eine
2317 3287 2651 3363 Ἐλεφαντίνῃ
2690 3291 2776 3348 als

501 3374 860 3432 Verfasserin
905 3375 1061 3432 einer
1106 3374 1321 3433 Schrift
1365 3378 1480 3447 περὶ
1533 3378 1817 3451 σχημάτων
1869 3384 2291 3430 συνουσιαστικῶν
2341 3381 2543 3441 neunt,
2598 3376 2777 3433 meint

504 3460 653 3517 ohne
688 3459 917 3517 Zweifel
955 3461 1222 3519 dieselbe.
1282 3461 1413 3533 Vgl.
1452 3463 1545 3518 die
1581 3462 1730 3519 oben
1766 3459 2142 3531 angefflhrten
2177 3460 2408 3518 Stellen.
2511 3462 2520 3469 '
2624 3459 2629 3465 ’

640 3546 823 3604 XLIV
862 3550 906 3604 1.
962 3547 1142 3603 Unice.
1201 3548 1402 3605 Dieser
1425 3548 1769 3605 Verwandte
1803 3547 1942 3612 M.’s,
1979 3546 2091 3602 wol
2126 3547 2221 3603 ein
2253 3546 2517 3603 Valerius
2540 3545 2774 3614 Unicus,

501 3632 717 3690 kommt
750 3639 915 3691 sonst
947 3634 1110 3691 nicht
1142 3651 1260 3691 vor.
1291 3665 1298 3670 ·

641 3721 690 3772 2.
751 3719 860 3775 Die
907 3719 1372 3791 Ueberlieferung
1417 3720 1516 3775 der
1561 3719 1719 3775 Fam.
1759 3718 1844 3776 Ca
1895 3723 2111 3785 (ausser
2152 3720 2264 3786 EF)
2312 3719 2411 3775 ist:
2444 3718 2575 3786 «Qui
2623 3718 2775 3789 geris

501 3805 693 3863 studio
728 3806 933 3881 (PQEE
978 3812 1037 3862 et
1083 3807 1289 3873 studio)
1335 3806 1511 3862 corda
1555 3805 1879 3879 propinqua
1926 3806 2081 3862 meis.
2165 3804 2369 3862 Studio
2414 3821 2541 3861 meo
2585 3803 2773 3871 (Schn)

501 3892 660 3962 giebt
704 3892 1027 3962 {ibethaupt
1069 3891 1277 3948 keinen
1324 3891 1487 3958 Sinn,
1536 3892 1742 3948 studiis
1787 3892 1928 3948 meis
1982 3891 2238 3958 (Scriver)
2291 3891 2453 3947 nicht
2498 3892 2609 3948 den
2653 3906 2776 3947 ver-

499 3979 748 4049 langten.
829 3979 945 4035 Der
989 3977 1130 4034 Sinn
1177 3978 1277 4034 der
1321 3979 1382 4033 in
1428 3978 1542 4034 den
1581 3977 1731 4035 Text
1774 3985 2068 4049 gesetzten
2119 3978 2348 4048 Lesung
2390 3976 2619 4033 Mum-os
2668 3978 2769 4033 ist:

497 4064 695 4132 Unice,
738 4065 835 4136 qui
879 4079 1086 4124 nomen
1133 4062 1269 4118 mihi
1316 4070 1565 4134 cognato
1614 4067 1889 4137 sangnine
1943 4064 2207 4135 junctum
2259 4064 2435 4135 geris,
2495 4070 2554 4119 et
2597 4063 2777 4119 corda

500 4151 573 4210 ob
622 4151 872 4208 studium
908 4157 1067 4207 tuum
1101 4164 1239 4219 erga
1273 4164 1361 4205 me
1385 4150 1705 4221 propinqua
1739 4167 1866 4208 meo
1905 4152 2083 4207 cordi.

638 4238 687 4289 3.
729 4238 778 4292 4.
836 4235 1052 4292 Unicus
1099 4236 1291 4291 wiirde
1326 4235 1403 4290 im
1438 4234 1653 4312 Stangie
1699 4237 1849 4302 sein,
1899 4237 1984 4293 als
2031 4236 2269 4292 Dichter
2312 4234 2509 4292 seinen
2554 4232 2776 4290 Bruder

480 4337 573 4378 ,ιιι
606 4321 962 4388 uberta-effen,
998 4322 1144 4378 liisst
1177 4321 1292 4376 ihm
1325 4320 1460 4378 aber
1493 4319 1781 4393 freiwillig
1805 4322 1917 4377 den
1940 4321 2227 4392 Vorrang;
2268 4321 2376 4376 wie
2401 4318 2627 4376 Turnus
2653 4319 2773 4376 sich
