3192 5084
501 415 624 477 116
1324 407 1395 462 M,
1430 407 1645 463 Valerii
1680 406 1953 461 Martialis

669 582 773 649 Ad
817 590 1126 649 nocturna
1167 581 1341 645 iaees
1384 579 1671 646 fastosae
1713 580 1938 644 limina
1981 578 2305 660 moeohae,

755 695 838 760 Et
880 691 1115 771 madet,
1163 691 1321 757 heu!
1378 653 1661 756 lacrimis
1704 692 1903 756 ianua
1948 688 2146 755 surda
2188 691 2336 770 tuis,

668 806 872 873 Urere
916 823 1036 869 nee
1078 803 1381 890 miserum
1428 809 1686 868 cessant
1730 802 2013 886 suspiria
2053 807 2302 886 peetus.

547 927 622 982 10
753 917 869 982 Vis
914 914 1146 994 dieam,
1190 873 1492 979 maleJ'Eit
1535 933 1650 978 eur
1692 912 1827 993 tibi,
1878 912 2105 979 Cotta?
2147 912 2313 978 bene
2359 919 2474 978 est.

1539 1068 1712 1134 XIV.

670 1180 917 1247 Cedere
963 1180 1046 1247 de
1089 1180 1323 1246 nostris
1367 1179 1531 1244 nulli
1577 1187 1643 1245 te
1687 1178 1850 1245 dieis
1896 1180 2139 1244 amieis.

754 1292 904 1374 Sed,
952 1295 1038 1358 sit
1081 1301 1152 1359 ut
1195 1291 1315 1357 hoe
1359 1312 1600 1373 verum,
1652 1290 1826 1375 quid,
1875 1309 2047 1373 roge,
2094 1290 2345 1375 Crispe,
2393 1288 2600 1354 faeis‘?

664 1405 890 1470 Mutua
933 1424 1077 1470 oum
1119 1411 1407 1489 peterem
1451 1405 1752 1469 sestertia
1796 1403 2096 1485 quinque,
2145 1402 2418 1485 negasti,

751 1516 897 1580 Non
942 1523 1201 1600 caperet
1244 1533 1536 1580 nummos
1581 1535 1726 1580 eum
1771 1515 1990 1598 gravis
2036 1533 2191 1578 arca
2234 1520 2399 1578 tuos.

579 1635 612 1690 5
662 1626 936 1705 Quando
980 1626 1174 1693 fabae
1218 1627 1404 1693 nobis
1449 1624 1733 1692 modium
1777 1625 2059 1690 farrisve
2096 1623 2359 1706 dedisti,

746 1737 907 1804 Cum
953 1745 1066 1804 tua
1107 1738 1402 1804 Niliaeus
1448 1758 1599 1803 rura
1643 1737 1905 1803 colonus
1950 1740 2133 1801 aret?

661 1848 935 1928 Quando
979 1850 1198 1916 brevis
1242 1848 1503 1934 gelidae
1547 1850 1748 1914 missa
1793 1855 1891 1914 est
1934 1856 2088 1932 toga
2131 1855 2419 1933 tempore
2450 1848 2765 1914 brumae?

744 1963 1014 2072 fflgsmi
1059 1963 1238 2028 venit
1282 1958 1540 2043 quando
1587 1959 1829 2057 SQ'a
1871 1959 2072 2023 mihi?

659 2072 771 2137 ΝΠ
816 2053 995 2138 ahud
1038 2071 1248 2148 vide0,
1297 2091 1422 2154 quo
1467 2079 1532 2136 te
1576 2068 1917 2135 credamus
1962 2070 2257 2148 amioum,

537 2192 611 2246 10
747 2181 958 2261 Quam
1002 2181 1175 2266 quod
1218 2203 1321 2248 me
1367 2201 1580 2247 eoram
1624 2179 1884 2266 pedere,
1934 2180 2179 2264 Crispe,
2230 2181 2419 2247 soles.
2493 2232 2519 2285 ‹
2564 2205 2755 2300 ἦς

1549 2335 1690 2400 XV.

657 2447 940 2513 Dotatae
983 2448 1166 2524 uxori
1212 2466 1322 2513 eor
1364 2330 1914 2513 harundineffixiut
1957 2454 2171 2524 acuta,

745 2557 880 2624 Sed
926 2557 1077 2624 dum
1122 2557 1289 2623 ludit
1329 2559 1532 2643 Aper:
1581 2557 1810 2624 ludere
1852 2559 2033 2624 novit
2076 2560 2266 2643 Aper.
2476 2584 2676 2668 337

2561 968 2913 1052 ³25⁸,

651 2826 723 2892 Si
770 2775 1251 2917 ἆσαι-ω
1295 2828 1669 2909 promittere
1711 2843 1833 2890 nee
1876 2824 2051 2904 dare,
2102 2824 2245 2904 Gai,

739 2927 1010 3003 Vineam
1054 2943 1121 3002 te
1167 2935 1353 3003 donis
1395 2936 1900 3018 muneribusque
1943 2937 2124 3001 meis.

612 3107 752 3163 XIII
787 3110 835 3161 7.
864 3108 1046 3179 jaces]
1081 3109 1242 3164 venis
1281 3109 1347 3161 N
1414 3110 1491 3160 10.
1530 3106 1702 3163 Cotta
1736 3108 1787 3161 T
1830 3112 1999 3163 cocta
2025 3108 2079 3161 P
2114 3105 2287 3163 Cotta
2310 3125 2407 3160 om.
2442 3109 2490 3169 Q
2548 3106 2751 3163 Tucca

477 3195 632 3247 EFm
681 3196 722 3258 (1
754 3192 895 3248 Cum
930 3194 1232 3249 cathedras
1269 3193 1420 3248 altus
1455 3199 1649 3262 portet
1681 3193 1787 3249 tibi
1824 3191 2022 3248 Tucca
2056 3193 2309 3248 minister
2335 3193 2434 3257 Ν).

612 3277 745 3332 XIV
783 3282 829 3331 3.
889 3280 963 3332 In
1009 3279 1104 3332 der
1153 3277 1520 3350 Handschmfl
1563 3279 1660 3333 der
1705 3278 1990 3349 Leipziqer
2035 3277 2478 3332 Stadtbnwothek
2520 3281 2751 3350 (Haupt

483 3365 620 3434 Opp.
659 3364 704 3416 I
711 3381 773 3434 p.
800 3369 929 3428 291)
978 3363 1135 3419 Milia
1168 3363 1431 3433 poscenti
1466 3379 1650 3433 nuper
1684 3364 1818 3418 mihi
1855 3380 2042 3433 panea
2075 3366 2299 3434 negasti
2417 3367 2465 3417 9.
2502 3365 2584 3421 Ib.
2622 3365 2751 3422 Non

473 3449 631 3505 aliud
654 3479 719 3487 —
746 3449 900 3519 quod
924 3455 981 3504 te
1076 3453 1124 3502 5.
1159 3449 1325 3505 nobis
1360 3449 1608 3505 modium
1648 3450 1908 3516 (modum)
1942 3451 2092 3517 ‘BPQ
2120 3451 2219 3503 Ser
2288 3449 2540 3506 modium
2574 3452 2747 3508 nobis

485 3536 536 3589 T
558 3535 697 3589 Sclm
765 3534 933 3590 nobis
956 3535 1108 3606 fehlt
1143 3534 1202 3588 in
1237 3535 1430 3600 EXA,
1467 3535 1640 3606 dafilr
1673 3535 1811 3590 milii
1848 3536 1916 3589 F.

612 3693 661 3746 7.
708 3693 972 3761 fastosae.
1043 3688 1182 3745 Dies
1231 3690 1447 3745 seltene
1496 3688 1662 3745 Wort
1711 3689 1878 3755 (anch
1927 3689 2069 3744 XIII
2108 3693 2224 3754 102,
2278 3691 2327 3755 2)
2376 3691 2478 3747 hat
2527 3691 2599 3746 M.
2649 3693 2757 3748 mit

471 3775 699 3831 Petron.
748 3780 813 3840 (c.
854 3778 942 3829 131
988 3775 1126 3844 quid
1163 3782 1275 3840 est,
1312 3776 1523 3845 inquit,
1575 3775 1809 3843 fastose)
1846 3778 2083 3846 gemein.
2144 3775 2351 3833 Studer
2387 3777 2654 3834 Zeitalter
2689 3779 2743 3835 d.

467 3862 693 3918 Petron.
727 3861 1039 3916 NRheinM.
1079 3860 1137 3915 II
1176 3862 1345 3927 (1843)
1384 3861 1437 3916 S.
1475 3864 1559 3915 92.

614 3950 693 4000 10.
732 3948 857 4001 bene
894 3952 986 4001 eat.
1035 3946 1138 4001 Dir
1167 3947 1247 4002 ist
1282 3963 1353 4002 zu
1385 3947 1554 4014 wohl,
1592 3947 1768 4003 daher
1803 3948 2041 4005 sehaffst
2076 3948 2155 4004 du
2191 3948 2279 4003 dir
2313 3948 2494 4005 selbst
2516 3949 2747 4005 Leiden.

610 4032 765 4087 XIV.
824 4032 954 4104 Vgl.
991 4032 1049 4087 11
1085 4035 1168 4099 30,
1209 4036 1254 4086 1.
1429 4045 1433 4049 ·

608 4121 657 4171 6.
725 4117 856 4189 Vgl.
891 4117 947 4172 X
982 4120 1065 4184 74,
1103 4121 1135 4172 9
1184 4117 1419 4188 spicifer
1453 4148 1520 4157 —
1554 4119 1733 4175 Nilus.
2068 4167 2091 4191 ,

610 4206 659 4258 8.
705 4203 945 4275 Argenti
967 4233 1027 4243 —
1052 4204 1263 4258 selibra.
1323 4205 1430 4260 Ein
1468 4204 1744 4262 silbernes
1780 4203 2009 4271 Geram,
2051 4205 2157 4262 das
2194 4205 2287 4261 ein
2321 4205 2520 4262 halbes
2554 4203 2749 4261 annd
2813 4204 2839 4342 ί

469 4289 687 4345 schwer
722 4289 814 4345 ist.
875 4289 956 4344 Zu
991 4289 1049 4345 II
1084 4292 1167 4354 44,
1205 4291 1251 4341 2.
1762 4340 1767 4346 .
1854 4321 1891 4362 (-

606 4374 714 4428 XV
750 4377 799 4427 2.
863 4374 1024 4427 novit.
1085 4373 1166 4428 Zu
1202 4374 1259 4428 11
1296 4379 1378 4439 51,
1421 4378 1464 4430 1.
