3192 5084
1001 430 1464 499 Epigrammatou
1498 426 1668 485 Liber
1705 425 1760 480 X
1799 426 1892 491 (X2
1926 427 2072 485 editt
2106 432 2212 494 98).
2608 432 2728 495 133

563 610 597 668 5
644 603 900 670 Fortius
945 602 1239 687 impressi
1285 601 1579 684 quotiens
1625 599 1742 666 tibi
1789 599 1975 666 basia
2019 602 2318 684 quinque,

729 714 1050 780 Barbatus
1096 713 1315 793 labris,
1362 711 1710 798 Dindyme,
1756 710 1840 776 fio
1884 713 2035 786 tuis.
2057 743 2309 877 557

1485 799 1727 941 mh.
1746 867 1811 965 Β

651 989 939 1074 Septima
981 989 1130 1068 iam,
1177 987 1488 1066 Phileros,
1535 986 1667 1114 tibix
1701 984 1995 1053 conditur
2037 1007 2200 1053 uxor
2242 989 2265 1053 i
2355 1007 2528 1073 agro.

736 1102 892 1167 Plus
934 1099 1113 1178 nulli,
1159 1098 1469 1178 Phileros,
1518 1117 1714 1181 quam
1760 1098 1894 1178 tibi,
1943 1097 2156 1166 reddit
2328 1119 2374 1164 r.
2456 1104 2649 1248 3η

1500 1271 1733 1337 XLIV.
1765 1269 1867 1348 νὺ

664 1385 901 1465 Quinte
946 1381 1333 1451 Caledonios
1378 1382 1570 1450 Ovidi
1616 1383 1830 1450 visure
1874 1385 2218 1450 Britannos

750 1497 833 1562 Et
874 1493 1148 1561 viridem
1192 1494 1451 1579 Tethyn
1496 1492 1953 1579 Oceanumque
1998 1503 2265 1580 patrem,

669 1609 838 1693 Ergo
881 1608 1133 1672 Numae
1176 1605 1377 1673 colles
1421 1612 1486 1673 et
1526 1606 1935 1673 Nomentana
1977 1606 2290 1689 relinquis

755 1719 923 1798 Otia,
968 1737 1086 1785 nec
1131 1719 1364 1785 retinet.
1405 1735 1644 1800 rusque
1686 1716 1997 1801 focusque
2041 1723 2301 1788 senem?

592 1841 625 1896 5
674 1829 932 1899 Gaudia
976 1836 1046 1896 tu
1090 1829 1333 1908 differs,
1380 1834 1448 1895 at
1490 1848 1619 1894 non
1663 1835 1730 1896 et
1773 1830 2050 1896 stamina
2095 1828 2312 1896 differt

758 1943 1051 2028 Atropos,
1099 1948 1293 2025 atque
1338 1942 1545 2007 omnis
1589 1941 1889 2007 scribitur
1929 1940 2089 2008 hora
2133 1939 2268 2008 tibi.
2299 1991 2311 2000 .

677 2053 1085 2121 Praestiteris
1130 2072 1278 2119 caro
1321 2089 1409 2101 -
1451 2053 1596 2137 quis
1642 2073 1770 2120 non
1813 2052 1936 2120 hoc
1980 2051 2248 2120 laudet?
2289 2092 2377 2101 —
2421 2054 2649 2134 amico,

765 2166 855 2234 Ut
896 2165 1107 2250 potior
1148 2164 1285 2230 vita
1328 2165 1413 2230 sit
1453 2164 1574 2230 tibi
1620 2171 1846 2233 sancta
1888 2163 2085 2240 fides;
2138 2171 2145 2178 '

684 2276 817 2345 Sed
860 2274 1135 2343 reddare
1178 2276 1306 2345 tuis
1466 2274 1614 2342 dem
1658 2296 1957 2343 mansure
2003 2276 2265 2343 Sabinis

567 2399 638 2454 10
768 2389 994 2471 Teque
1039 2394 1185 2454 tuas
1229 2408 1421 2455 nume
1455 2407 1526 2454 es
1570 2389 1741 2455 inter
1785 2389 2122 2456 amicitias„
2293 2390 2567 2547 izei?
2628 2465 2633 2470 ⁴

1541 2553 1739 2619 XLV.
1773 2515 1861 2631 β

694 2663 765 2729 Si
810 2661 968 2747 quid
1012 2662 1158 2729 lene
1202 2665 1331 2730 mei
1375 2663 1597 2730 dicunt
1641 2673 1706 2732 et
1750 2663 1940 2731 dulce
1984 2664 2211 2746 libelli,

781 2774 852 2840 Si
897 2772 1056 2859 quid
1099 2774 1514 2841 honorificum
1559 2776 1802 2860 pagina
1846 2774 2089 2842 blanda
2133 2783 2342 2858 sonat,

697 2887 834 2952 Hoc
879 2892 947 2951 tu
992 2847 1232 2971 pirigue
1277 2893 1468 2970 putas
1513 2893 1578 2952 et
1623 2893 1865 2953 costam
1909 2885 2136 2953 rodere
2180 2889 2405 2967 mavis,

666 3082 849 3223 XLle
884 3085 933 3138 3.
979 3082 1250 3154 relinquis
1277 3084 1385 3150 m*
1410 3083 1655 3138 Giton-ss
1682 3101 1740 3155 p.
1773 3091 1872 3138 216
1943 3082 2227 3153 relinquas
2265 3084 2440 3138 EXA
2512 3081 2794 3154 relinques

543 3171 672 3232 Q‘PC
692 3170 735 3224 S
832 3209 845 3222 .

672 3322 850 3380 XLIV
888 3325 934 3378 1.
996 3323 1208 3379 Lucan.
1245 3323 1325 3379 VI
1362 3326 1427 3377 68
1463 3322 1806 3381 Caledonios
1840 3354 1911 3363 —
1944 3324 2266 3381 Britannos.
2340 3328 2389 3380 8.
2430 3323 2508 3380 Zu
2532 3322 2614 3379 IX
2638 3326 2720 3388 84,
2748 3327 2795 3377 2.

677 3483 724 3536 5.
762 3482 808 3532 6.
868 3476 941 3532 Μ.
983 3477 1201 3547 sprlcht
1246 3494 1329 3542 so,
1384 3478 1468 3535 als
1512 3494 1677 3535 wenn
1721 3493 1780 3535 er
1828 3479 2005 3535 durch
2054 3479 2210 3536 seine
2245 3480 2433 3537 Kusse
2482 3479 2574 3536 die
2612 3487 2805 3536 zar-teu

542 3565 722 3623 Haare
759 3565 861 3620 des
886 3563 1202 3635 Dindymus
1227 3564 1526 3630 abbriiche,
1563 3566 1684 3621 und
1720 3565 1875 3622 diese
1902 3565 2056 3621 daun
2081 3565 2185 3622 auf
2214 3567 2337 3623 sein
2361 3565 2597 3623 Gesicht
2620 3565 2804 3622 fielen.

550 3652 779 3711 Gilbert.

682 3737 965 3807 Dindyma.
1003 3734 1083 3790 Zu
1119 3734 1202 3790 VI
1238 3737 1321 3801 39,
1364 3738 1446 3788 21.
1485 3734 1577 3793 SG
1610 3737 1637 3791 I
1674 3739 1773 3791 428
1799 3735 1838 3792 f.

683 3821 866 3878 XLIV
903 3823 949 3876 1.
994 3820 1170 3875 Ovidi.
1211 3820 1292 3877 Zu
1326 3821 1353 3875 1
1392 3824 1505 3875 105.

686 3912 736 3963 2.
776 3906 1002 3963 viridem
1047 3907 1265 3979 Tethyn.
1303 3908 1383 3963 Zu
1420 3906 1498 3977 Sp
1539 3910 1620 3972 12,
1664 3910 1706 3961 1.

688 3999 738 4049 5.
787 3992 1005 4048 Gaudia
1039 3996 1098 4045 tu
1133 3992 1336 4067 dtjffers.
1375 3992 1508 4064 vgl.
1547 3994 1574 4048 Ι
1614 3995 1693 4058 15,
1734 3995 1919 4048 5—10.

689 4082 738 4134 8.
779 4083 963 4134 amota
983 4078 1132 4151 fides
1169 4100 1232 4124 ==
1271 4077 1353 4132 IX
1389 4081 1472 4145 84,
1514 4081 1564 4132 2.

688 4168 736 4219 9.
776 4163 1007 4219 Sabim's.
1078 4162 1317 4221 Deinem
1365 4164 1729 4222 sabinischeu
1775 4164 1938 4222 Gute.
2007 4165 2333 4236 Landgflter
2384 4164 2616 4221 wurdeu
2680 4164 2828 4220 oster

555 4251 655 4307 mit
689 4251 817 4307 dem
851 4248 1246 4306 Nominativus
1282 4249 1524 4307 Pluralis
1561 4252 1664 4308 des
1701 4251 1793 4308 die
1828 4250 2183 4308 Landschaft
2216 4250 2676 4308 bezeichnenden
2710 4250 2831 4307 Ad-.

549 4336 765 4409 jektivs
823 4336 1088 4393 bonannt.
1156 4335 1352 4392 Horat.
1405 4334 1466 4391 C.
1514 4337 1570 4392 11
1621 4340 1713 4402 18,
1753 4340 1815 4391 14
1875 4336 2026 4394 Satis
2084 4337 2286 4394 beatus
2339 4336 2525 4393 unicis
2585 4334 2832 4398 Sabinis.

558 4421 752 4492 Haupt
787 4421 938 4490 Opp.
979 4420 1062 4475 111
1101 4423 1199 4474 578
1236 4420 1277 4477 f.
1341 4420 1421 4478 Zu
1456 4420 1570 4477 VII
1607 4426 1690 4488 31,
1732 4426 1811 4477 ln.
