3192 5084
839 399 1300 472 Epigrammaton
1335 400 1503 458 Liber
1535 400 1621 456 XI
1674 402 1835 468 (editt
1868 402 2176 461 December
2208 406 2321 471 96).
2590 405 2716 468 211

1454 575 1716 641 XCVH.

628 683 778 752 Una
821 691 1006 751 noete
1049 692 1276 769 quater
1318 705 1610 770 possum:
1659 685 1776 752 sed
1820 692 2120 770 quattuor
2164 688 2351 753 annis

715 795 789 862 Si
833 814 1115 881 possum,
1165 817 1450 882 peream,
1499 805 1581 878 te,
1630 798 1960 878 Telesilla,
2009 799 2233 865 semel.

1436 960 1730 1028 xovm.
1773 943 1858 1065 13

627 1068 932 1155 Effugere
976 1092 1105 1139 non
1148 1079 1264 1154 est,
1311 1074 1560 1155 Flacco,
1616 1072 1998 1140 basiatores.

627 1182 897 1264 Instant,
942 1192 1286 1264 morantur,
1333 1202 1483 1270 pers
1525 1191 1770 1265 cuntur,
1817 1177 2173 1266 decurrunt,

627 1291 713 1358 Et
752 1293 905 1360 hinc
949 1301 1013 1361 et
1055 1296 1249 1375 illinc,
1298 1203 1784 1378 usquffifiaque²
1832 1315 2233 1380 quacunque.
2315 1283 2321 1292 ’

627 1404 775 1470 Non
819 1405 1002 1471 ulcus
1046 1425 1195 1473 acre
1238 1387 1624 1491 pustulaev'e
1665 1409 1976 1488 lucentes,

546 1523 582 1577 5
629 1516 768 1580 Nec
813 1493 997 1582 triste
1040 1523 1323 1582 mentum
1368 1516 1742 1602 sordidique
1783 1473 2089 1597 licherses5

631 1626 770 1692 Nec
809 1626 996 1693 labra
1039 1628 1264 1712 pingui
1311 1627 1601 1695 delibuta
1647 1611 2037 1708 oerafdss*”

630 1737 769 1804 Nec
812 1739 1131 1822 congelati
1175 1745 1361 1822 gutta
1404 1738 1688 1824 proderit
1731 1741 1891 1806 nasi.

630 1848 716 1916 Et
760 1855 1159 1915 aestuantem
1206 1850 1464 1916 basiant
1507 1858 1573 1917 et
1616 1853 1959 1936 algentem,

631 1961 716 2027 Et
759 1961 1052 2045 nuptiale
1095 1961 1349 2027 basium
1391 1970 1845 2030 reservantem.

511 2081 585 2137 10
631 2073 778 2138 Non
824 2078 888 2138 te
933 2072 1199 2139 cucullis
1243 2080 1490 2139 asseret
1534 2080 1729 2159 caput
1772 2081 2033 2158 tectum,

630 2185 892 2250 Lectica
933 2203 1054 2249 nec
1097 2191 1162 2250 te
1203 2190 1344 2252 tuta
1387 2186 1561 2270 pelle
1606 2186 1900 2270 veloque.

629 2296 769 2361 Nec
812 2294 1169 2362 vindicabit
1212 2297 1375 2362 sella
1417 2299 1681 2383 saepius
1727 2299 1931 2364 clusa:

633 2409 855 2473 Rimas
899 2426 1015 2492 per
1058 2426 1279 2473 omnes
1323 2407 1611 2475 basiator
1654 2409 1941 2476 intrabit.

630 2520 778 2586 Non
822 2519 1189 2585 consulatus
1232 2519 1392 2603 ipse,
1448 2541 1578 2586 non
1620 2521 1984 2588 tribunatus

513 2639 586 2694 15
684 2632 872 2697 enive
915 2630 1145 2711 fasces,
1192 2649 1313 2695 nec
1356 2630 1638 2715 superba
1682 2632 1947 2698 clamosi

621 2743 903 2817 ‚Lictoris
948 2742 1170 2826 abiget
1211 2743 1399 2826 virga
1440 2741 1861 2808 basiatorem:

599 2929 841 2985 XCVIII
880 2934 925 2985 1.
983 2930 1193 2987 Flacce
1230 2932 1331 2994 PQ
1369 2930 1507 2984 δεῖνι
1577 2929 1758 2987 Basse
1794 2929 1949 2984 EFm
1976 2929 2077 2984 Ser
2116 2927 2229 2995 (Ad
2264 2927 2533 2984 Flaccum
2558 2929 2736 2984 XAC‘

461 3015 560 3071 Ad
591 3016 829 3073 Bassum
867 3023 945 3083 ω).
1102 3018 1180 3071 12.
1218 3015 1448 3085 saepius
1483 3016 1620 3069 codd
1716 3015 1962 3085 pellibus
2001 3016 2127 3069 Hm
2231 3020 2391 3071 saeta
2423 3015 2514 3071 bis
2557 3014 2730 3068 Eldik

465 3104 726 3171 saeptius
763 3105 962 3174 Haupt
1002 3104 1140 3174 Opp.
1177 3103 1260 3157 II
1278 3121 1339 3173 p.
1375 3109 1494 3158 345.

605 3271 816 3329 XCVII
857 3277 900 3328 1.
928 3292 1166 3345 possum.
1228 3273 1309 3330 Zu
1344 3274 1434 3329 111
1468 3275 1551 3340 32,
1593 3276 1638 3327 1.

601 3358 863 3416 XCVIII.
898 3359 1006 3415 Die
1043 3358 1203 3426 Sitte,
1239 3359 1363 3416 sich
1389 3359 1490 3415 mit
1525 3359 1708 3416 einem
1729 3358 1918 3417 Kusse
1942 3376 2012 3416 zu
2034 3359 2363 3430 begrssssen,
2399 3357 2539 3414 tiber
2562 3358 2737 3414 deren

467 3443 907 3516 Allgemeinheit
939 3445 1010 3501 Μ.
1049 3447 1195 3514 auch
1230 3445 1343 3502 VII
1369 3449 1433 3500 95
1469 3446 1588 3502 und
1625 3445 1735 3500 XII
1771 3448 1836 3499 59
1859 3446 2036 3516 klagt,
2073 3445 2297 3502 scheint
2330 3443 2453 3501 sich
2490 3445 2550 3499 in
2582 3444 2731 3500 Rom

461 3538 582 3587 eret
617 3548 688 3586 zu
721 3530 954 3602 Anfang
987 3519 1089 3606 de'r
1122 3532 1438 3588 Kaiserzeit
1473 3531 1871 3603 eingeburgert
1906 3548 1975 3588 zu
2010 3532 2215 3588 haben.
2278 3529 2368 3586 SG
2401 3531 2430 3586 Ι
2470 3532 2562 3583 141
2602 3530 2661 3588 ff.

607 3619 653 3671 1.
692 3616 824 3688 Vgl.
861 3617 973 3672 XII
1009 3621 1095 3685 82,
1137 3620 1160 3670 1
1216 3618 1479 3686 Effugere
1523 3616 1584 3672 in
1632 3618 1861 3674 thermis
1914 3623 1973 3675 et
2023 3618 2178 3674 circa
2228 3616 2433 3674 balnea
2484 3633 2599 3674 non
2645 3622 2735 3675 est

465 3702 819 3772 Menogenen
857 3702 984 3768 (XII
1023 3705 1104 3767 11,
1146 3706 1176 3755 5
1213 3703 1316 3759 sed
1351 3702 1463 3758 hoc
1498 3703 1594 3757 vix
1631 3709 1720 3760 est
1754 3709 2022 3774 sperare).

607 3790 654 3842 3.
689 3786 813 3841 hinc
846 3793 895 3843 ct
930 3789 1095 3843 illinc.
1159 3789 1238 3844 ΖΠ
1273 3788 1355 3844 IV
1395 3790 1474 3854 14,
1510 3790 1558 3841 8.

610 3875 657 3926 6.
695 3877 884 3928 cerato.
947 3874 1088 3931 Eine
1123 3873 1512 3930 Wachssalbe.
1571 3873 1717 3929 Plin.
1756 3874 1824 3930 N.
1861 3875 1914 3929 h.
1951 3873 2115 3929 xxn
2154 3876 2268 3928 117.

611 3959 692 4011 12.
732 3959 974 4028 saepius.-
1023 3959 1214 4016 immet
1258 3976 1374 4017 von
1408 3974 1636 4027 neuem,
1673 3961 1748 4017 da
1784 3960 2020 4016 manche
2054 3959 2388 4026 basiatores‚
2426 3959 2609 4015 denen
2645 3958 2739 4014 die

469 4042 670 4100 Sanfte
704 4043 959 4102 bekannt
993 4045 1083 4112 ist,
1120 4046 1213 4101 die
1248 4044 1529 4116 Oeffnung
1563 4046 1665 4102 der
1698 4044 2005 4117 Vorhilnge
2041 4035 2373 4115 erzwingexi.

611 4133 690 4185 15.
730 4129 862 4184 Seni
914 4160 984 4169 —
1029 4134 1230 4203 saecu.
1297 4131 1415 4188 Des
1466 4132 1712 4187 Prators.
1786 4129 1954 4187 Auch
2014 4132 2172 4188 diese
2231 4129 2406 4186 Stelle
2462 4129 2743 4200 bestatigt

463 4215 807 4273 Mommsens
844 4215 1138 4273 Annahme
1176 4215 1310 4283 (StR
1341 4217 1371 4272 Ι
1407 4219 1523 4283 360,
1559 4219 1633 4284 4),
1671 4217 1803 4273 dass
1840 4217 1941 4273 der
1974 4216 2199 4282 Priitor‚
2249 4216 2350 4272 der
2394 4214 2455 4270 in
2490 4215 2589 4271 der
2622 4214 2744 4270 Re-

468 4302 673 4371 publik
706 4318 813 4358 nur
839 4304 869 4354 2
891 4301 1164 4358 Liktoren
1197 4302 1411 4374 gehabt
1433 4303 1610 4368 hatte,
1647 4302 1865 4359 damals
1902 4301 2049 4358 auch
2076 4303 2133 4356 in
2157 4301 2258 4357 der
2282 4299 2448 4356 Stadt
2473 4303 2504 4352 6
2529 4300 2745 4357 Fasces

467 4385 676 4445 suhrte.
741 4387 872 4459 νει.
909 4387 1020 4444 mo
1056 4387 1190 4443 Lm
1233 4391 1310 4445 13.
2441 4362 2537 4396 κ’

2226 4491 2334 4545 14*
