3192 5084
972 395 1438 466 Epigrammaton
1469 392 1640 450 Liber
1673 394 1758 449 IX
1794 395 1961 462 (editt
1997 398 2102 460 94).
2572 400 2656 464 89

647 566 942 635 Vincenti
984 586 1252 652 parmae
1294 585 1438 633 cum
1484 585 1606 634 sua
1647 567 1839 633 turba
1881 566 2075 634 favet.

563 682 779 747 Vicini
822 698 1114 745 somnum
1166 681 1315 761 (non
1355 684 1491 745 tota
1535 679 1738 761 nocte)
1791 697 2123 762 rogamus:

431 802 513 858 10
650 793 819 858 Nam
859 791 1138 875 vigilare
1181 790 1330 856 leve
1374 796 1490 870 est,
1537 789 1929 874 pervigilare
1972 810 2173 874 grave
2217 798 2337 856 est.

565 902 935 988 Discipulos
980 902 1230 969 dimitte
1274 908 1440 967 tuos.
1518 901 1656 983 Vis,
1703 902 1990 985 garrule,
2038 908 2347 985 quantum

652 1015 907 1099 Accipis
950 1021 1020 1081 ut
1062 1015 1325 1096 clameS,
1374 1013 1668 1096 accipere
1712 1021 1784 1079 ut
1826 1017 2088 1080 taceas?

1411 1141 1651 1206 LXIX.

569 1255 733 1321 Cum
775 1254 996 1336 futuis,
1043 1251 1486 1337 Polycharmo,
1531 1253 1705 1318 soles
1747 1253 1817 1316 in
1858 1251 1987 1318 fine
2031 1272 2277 1320 cacare.

658 1366 818 1433 Cum
860 1363 1243 1449 medicaris,
1291 1362 1472 1446 quid,
1520 1363 1964 1449 Polycharmo,
2010 1364 2214 1430 facis?

1421 1492 1622 1557 LXX.
1920 1555 1929 1562 .

573 1604 844 1670 Dixerat
888 1622 954 1668 »o
996 1606 1234 1669 mores!
1282 1623 1318 1668 o
1364 1606 1724 1687 temporal«
1783 1603 2039 1670 Tullius
2083 1603 2258 1685 olim,

661 1714 1058 1799 Sacrilegum
1103 1720 1378 1780 strueret
1421 1734 1564 1780 cum
1610 1713 1891 1779 Catilina
1934 1713 2135 1794 nefas,

578 1825 739 1892 Cum
781 1845 980 1910 gener
1024 1833 1220 1910 atque
1263 1845 1445 1892 socer
1488 1823 1648 1892 diris
1692 1832 2093 1892 concurreret
2136 1826 2332 1892 armis

663 1938 1039 2021 Maestaque
1082 1937 1259 2003 civili
1305 1935 1506 2003 caede
1549 1936 1842 2004 maderet
1883 1937 2133 2003 humus.

499 2057 533 2112 5
584 2048 713 2115 Our
754 2067 923 2115 nunc
966 2067 1032 2113 »o
1075 2052 1377 2129 moresl«,
1428 2068 1541 2114 cur
1584 2067 1755 2115 nunc
1800 2068 1862 2115 »o
1908 2052 2222 2133 tempora!
2240 2073 2269 2108 (ι
2311 2047 2515 2114 dicis?

664 2157 848 2238 Quod
891 2159 1009 2225 tibi
1053 2178 1181 2225 non
1223 2161 1497 2243 placeat,
1543 2159 1931 2240 Caeciliane,
1978 2159 2134 2243 quid
2179 2164 2316 2226 est?

578 2271 778 2337 Nulla
821 2269 1054 2337 ducum
1096 2270 1345 2353 feritas,
1392 2271 1577 2336 nulla
1622 2278 1721 2337 est
1762 2271 2018 2336 insania
2060 2271 2246 2350 ferri3

662 2383 833 2448 Pace
873 2381 1000 2447 frui
1045 2385 1221 2447 certa
1262 2381 1640 2465 laetitiaque
1668 2382 1840 2448 licet.

579 2493 725 2559 Non
767 2494 966 2560 nostri
1010 2491 1272 2574 faciunt,
1317 2492 1437 2559 tibi
1483 2493 1656 2576 quod
1698 2500 1812 2559 tua
1855 2500 2144 2578 tempora
2187 2492 2462 2574 sordent,

456 2613 533 2669 10
667 2603 800 2670 Sed
841 2605 1086 2671 faciunt
1127 2622 1357 2685 mores,
1406 2604 1799 2686 Caeciliano,
1849 2606 1961 2670 tui.

1414 2733 1648 2798 LXXI.

583 2842 850 2928 Massyli
896 2844 998 2909 leo
1045 2843 1219 2909 fama
1262 2844 1399 2928 iugi
1443 2845 1821 2928 pecorisque
1863 2846 2131 2913 maritus

668 2954 972 3038 Lanigeri
1016 2955 1245 3020 mirum
1291 2975 1421 3038 qua
1445 2956 1673 3062 'coiere
1716 2955 1862 3022 fide.

583 3065 733 3149 Ipse
776 3065 928 3132 licet
970 3064 1214 3147 videas,
1263 3085 1465 3133 cavea
1506 3067 1913 3133 stabulantur
1955 3068 2023 3132 in
2066 3087 2196 3133 una

667 3176 752 3242 Et
792 3177 1035 3261 pariter
1078 3177 1287 3244 socias
1332 3179 1537 3263 carpit
1578 3184 1849 3262 uterque
1900 3177 2129 3264 dapes:

551 3327 787 3385 LXVIII
825 3332 904 3385 10.
962 3346 1134 3400 grave
1170 3337 1257 3387 est
1302 3333 1510 3386 TPEA
1521 3332 1623 3387 CF
1654 3333 1798 3400 Vind
1805 3333 1829 3372 3
1855 3333 1992 3387 seim
2060 3347 2233 3403 grave
2272 3335 2365 3395 Qm
2392 3334 2492 3387 Ser
2526 3332 2669 3399 (vicl-

414 3416 573 3470 leicht
607 3415 833 3486 richtt'q).

551 3534 710 3591 LXX
742 3538 790 3588 3.
850 3532 1060 3590 Lucan.
1099 3535 1182 3591 IV
1225 3537 1324 3589 802
1371 3536 1447 3592 Et
1490 3551 1664 3607 gener
1711 3543 1883 3608 atque
1930 3553 2093 3594 socer
2139 3538 2289 3594 bello
2339 3553 2668 3594 concurrere

405 3620 573 3690 jussi.
632 3619 763 3690 Vgl.
802 3618 1006 3676 Catull.
1042 3622 1126 3685 29,
1163 3621 1230 3673 24
1265 3637 1428 3678 socer
1463 3637 1746 3692 generque
1783 3647 1847 3670 ·=
1883 3622 2051 3694 Verg.
2088 3623 2270 3680 Catal.
2311 3626 2360 3688 3,
2396 3627 2449 3677 6.
2497 3624 2667 3694 Verg.

413 3704 488 3760 A.
528 3704 610 3760 VI
645 3708 750 3760 830
770 3721 858 3776 sq.
908 3720 1071 3762 socer
1103 3735 1176 3746 —-
1208 3712 1377 3778 atque
1409 3738 1482 3749 —-
1514 3724 1688 3779 gener
1744 3709 1858 3766 vn
1905 3711 2003 3763 317
2049 3725 2223 3781 gener
2270 3716 2442 3779 atque
2486 3725 2668 3767 socer.

415 3790 549 3860 Vgl.
598 3790 756 3847 Ovid.
804 3792 867 3848 F.
900 3792 986 3848 III
1039 3795 1167 3859 2⁰23
1221 3794 1321 3846 226
1390 3793 1474 3850 VI
1510 3798 1627 3849 600.
1679 3793 1874 3850 Sidon.
1922 3794 2115 3865 Apoll.
2153 3796 2216 3852 C.
2259 3798 2312 3860 9,
2349 3798 2446 3850 241
2504 3810 2676 3866 gener

417 3891 737 4016 woeffi
776 3964 821 4016 1.
857 3965 907 4016 2.
971 3963 1140 4033 Verg.
1173 3963 1247 4019 A.
1288 3963 1374 4018 111
1410 3967 1511 4018 642
1555 3981 1734 4034 pecus
1781 3966 2112 4037 lanigerum.

551 4097 708 4154 LXX
731 4102 776 4155 1.
815 4118 870 4153 »o
892 4100 1093 4155 moros!
1116 4119 1146 4154 ο
1170 4106 1408 4172 tempora
1420 4102 1464 4157 l«
1489 4101 1609 4159 Cic.
1639 4102 1806 4160 Catil.
1836 4105 1934 4168 11,
1962 4108 1992 4157 2
2027 4123 2062 4162 o
2087 4112 2366 4175 tempora!
2398 4120 2433 4160 o
2458 4110 2669 4160 mores!

552 4184 751 4240 LXXI.
808 4185 932 4241 Auf
961 4186 1126 4243 einen
1161 4187 1410 4254 zahmen,
1447 4189 1549 4245 mit
1584 4189 1765 4246 einem
1800 4191 2035 4248 Widder
2069 4192 2127 4247 in
2162 4190 2487 4248 demselben
2509 4188 2679 4261 Kafig

422 4270 764 4339 gehaltenen
797 4271 1024 4328 Lowen.
1099 4272 1284 4329 Ueber
1319 4273 1772 4349 Thierziihmung
1806 4275 1898 4333 SG
1932 4276 1989 4333 II
2024 4277 2122 4331 360
2159 4276 2215 4333 ff.

560 4358 605 4411 1.
677 4358 927 4429 Massyli.
1002 4360 1084 4414 Ζιι
1117 4359 1260 4415 Vm
1294 4363 1377 4426 55,
1418 4362 1466 4414 1.
